2342 3992
270 123 349 178 0'6
528 104 534 110 ’
1126 137 1383 180 Anum.

343 289 449 343 DA.
518 288 666 353 Quid
701 289 923 344 ueniam
946 289 995 343 l·
1073 290 1175 345 Nil
1219 291 1408 346 habeo·
1497 291 1600 344 cn.
1668 291 1747 344 At
1791 296 1981 346 tamen
2032 295 2230 365 siquid.

168 453 175 462 Ι
501 394 607 448 DA.
656 393 792 463 Age,
823 395 1056 448 ueniam.
1146 395 1248 448 GH.
1298 394 1510 464 Siquid,
2201 397 2237 428 ³⁰

262 496 429 551 Domi
455 515 562 552 ero.
650 497 757 552 DA.
806 499 909 566 Tu,
940 498 1137 567 Mysis,
1168 496 1308 552 dum
1333 517 1485 568 exeo,
1517 517 1808 606 ραι-113916]
1843 503 2104 574 opperire
2130 505 2235 558 hic.

340 602 459 656 My,
534 602 921 672 Quapropter?
1026 603 1133 658 DA.
1210 604 1303 657 Ita
1344 565 1694 677 911εέ623ξο
1738 574 1864 660 ‘es‘tf
1899 566 1922 596 ’“
1959 607 2089 664 Mt.
2164 611 2236 664 At

424 711 431 720 '
497 710 726 760 matura.
812 705 921 760 DA.
971 705 1093 759 Iam
1118 707 1348 775 inquam
1373 707 1464 760 hic
1488 709 1667 763 adero.

918 1133 1063 1187 AO'I'
1102 1133 1206 1190 IV.
1212 1131 1457 1188 -801111,
1508 1137 1559 1189 3.

1003 1295 1186 1332 MYSIS.
1273 1294 1468 1334 DAVOS.

336 1411 455 1464 Mt.
502 1409 673 1463 Nilne
700 1425 817 1462 6666
842 1408 1126 1477 proprium
1154 1408 1454 1478 quoiquam
1481 1411 1494 1463 Ξ
1575 1408 1652 1462 Di
1676 1413 1919 1464 uestram
1943 1411 2118 1468 fidem
2145 1431 2163 1470 =

194 1486 200 1493 ¹
256 1513 543 1568 Summum
566 1513 776 1567 bonum
802 1491 1051 1580 06666161
1077 1511 1277 1586 putaui
1301 1512 1452 1565 hunc
1479 1512 1848 1582 Pamphilum,

251 1617 527 1685 Amicum,
557 1619 875 1683 amatorem,
904 1615 1087 1668 uirum
1112 1616 1172 1668 in
1200 1617 1398 1684 quouis
1424 1617 1544 1669 loco

252 1725 519 1778 Paratum
543 1743 556 1778 ι
591 1740 787 1777 uerum
814 1740 884 1775 ex
910 1739 975 1775 eo
1000 1739 1150 1776 nunc
1175 1722 1374 1776 misera
1400 1735 1565 1800 quem
1594 1723 1740 1792 capit
2049 1783 2056 1790 ,

253 1829 520 1883 Laborem
546 1831 559 1882 Ξ
641 1828 823 1882 Facile
848 1827 937 1881 1110
962 1828 1088 1897 plus
1113 1827 1298 1880 maliet
1325 1845 1491 1896 quam
1516 1828 1629 1881 illic
1657 1829 1802 1882 boni.
2204 1829 2226 1861 ⁵

252 1935 359 1988 Sed
386 1935 574 1988 Dauos
601 1933 730 1986 exit.
822 1932 909 1985 Mi
934 1932 1119 1999 homo,
1151 1932 1286 2001 quid
1313 1932 1455 1984 istuc
1481 1932 1755 1986 obsecrost
1780 1933 1800 1986 2

251 2040 373 2104 Quo
404 2042 589 2108 portas
614 2037 886 2106 puerum?
963 2037 1071 2089 DA.
1124 2035 1319 2104 Mysis,
1350 2054 1499 2090 nunc
1526 2053 1663 2105 opus
1689 2041 1772 2090 est
1798 2041 1898 2092 tua

249 2143 395 2196 Mihi
419 2143 490 2196 ad
515 2142 657 2194 hanc
680 2157 799 2193 rem
828 2123 1151 2208 exprompta
1177 2140 1440 2194 memoria
1465 2144 1633 2210 atque
1659 2141 1880 2232 astssitia.

327 2247 445 2300 My,
494 2245 771 2309 Quidnam
796 2243 1130 2312 incepturu’s
1154 2245 1176 2298 Ἰ
1254 2246 1360 2300 ΒΑ.
1409 2246 1610 2314 Accipe
1635 2263 1670 2299 a
1695 2263 1783 2298 me
1809 2246 1956 2302 hunc
1985 2249 2140 2304 ocius

246 2356 433 2420 Atque
460 2355 588 2403 ante
615 2352 859 2402 nostram
885 2347 1107 2402 ianuam
1132 2350 1362 2419 adpone.
1452 2351 1572 2404 MY.
1621 2350 1876 2420 ObsecrO,
2183 2354 2224 2386 ¹⁰

246 2453 532 2510 Humine‘l
610 2452 717 2507 DA.
764 2453 853 2506 Ex
878 2469 972 2505 ara
997 2453 1127 2506 hinc
1154 2471 1308 2507 sume
1335 2455 1601 2526 uerbenas
1627 2455 1734 2508 tibi

244 2564 431 2632 Atque
458 2576 549 2614 eas
574 2558 873 2612 substerne.
959 2557 1080 2612 Mr.
1128 2557 1497 2622 Quamobrem
1527 2559 1585 2613 id
1611 2564 1736 2616 tute
1762 2582 1875 2618 non
1901 2561 2035 2618 facis
2059 2565 2082 2620 ‘1

322 2667 428 2721 DA.
479 2663 639 2732 Quia,
669 2663 718 2716 si
741 2662 885 2716 forte
911 2679 1049 2732 opus
1075 2662 1147 2716 sit
1175 2663 1246 2715 ad
1272 2679 1428 2716 erum
1443 2663 1750 2732 jurandum
1774 2669 1912 2722 mihi

242 2772 375 2825 Non
402 2766 737 2836 adposuisse,
767 2769 834 2818 111
860 2764 1073 2834 liquido
1098 2765 1316 2833 possim.
1404 2765 1525 2821 MY.
1548 2755 1554 2761 ’
1574 2767 1843 2839 Intellego
1871 2789 1885 2826 z

242 2875 301 2928 N
302 2891 409 2927 oua
434 2889 582 2926 nunc
606 2870 797 2938 religio
824 2871 971 2924 unde
997 2871 1149 2923 istaec
1175 2869 1395 2923 incessit
1418 2870 1438 2924 ‘l
1518 2871 1680 2927 Cedo·
2177 2875 2217 2908 ¹⁶

318 2979 425 3033 DA.
475 2977 645 3030 Moue
672 2975 823 3029 ocius
851 2979 925 3042 te,
955 2979 1023 3028 ut
1050 2974 1186 3045 quid
1212 2991 1369 3044 agam
1395 2993 1556 3044 porro
1582 2976 1879 3047 intellegas.

240 3085 351 3137 Pro
380 3082 642 3151 Iuppiter.
731 3079 851 3133 MY.
900 3078 1049 3143 Quid
1088 3079 1212 3133 ent?
1290 3063 1397 3134 DA.
1449 3079 1673 3148 Sponsae
1699 3087 1857 3152 pater
1881 3083 2206 3143 interuenit.

240 3187 495 3256 Repudio
522 3185 673 3255 quod
700 3183 988 3238 consilium
1013 3183 1253 3252 primum
1279 3183 1637 3239 intenderam.

320 3287 446 3346 MY.
495 3289 698 3343 Nescio
726 3287 863 3357 quid
890 3303 1087 3341 narres.
1177 3285 1291 3342 DA.
1337 3287 1456 3356 Ego
1477 3305 1696 3358 quoque
1721 3290 1851 3345 hinc
1877 3292 1947 3344 ab
1975 3292 2215 3348 dextera

241 3396 445 3451 Venire
470 3411 559 3448 me
585 3392 925 3448 adsimulabo
954 3410 967 3446 :
1006 3394 1074 3444 tu
1098 3393 1165 3443 ut
1193 3391 1498 3446 subseruias
1610 3429 1617 3446 1
1833 3412 1862 3455 1
2169 3396 2214 3428 ²⁰

242 3498 508 3566 Orationi,
545 3500 605 3550 ut
632 3477 906 3566 quomque
933 3511 1071 3564 opus
1097 3494 1187 3562 sit,
1218 3495 1400 3548 uerbis
1425 3495 1568 3550 uide.
2295 3463 2306 3481 ι
