2342 3992
766 157 809 198 11
819 157 1519 202 EAVTONTIMORVMENOS.
2003 147 2123 207 119

109 991 244 1120 h.
255 899 430 1056 ⁴³30]
428 927 766 1019 ’'lvnazg}
772 1007 1047 1048 MHREMES
1135 1009 1497 1049 MENEDEMVS.
1544 955 1673 1030 st‘
1568 849 1888 1014 ‘ll
1896 953 1994 1000 ss
2034 949 2120 990 Ἥ
2170 945 2229 990 (ἦ.

233 1127 325 1182 01..
376 1125 614 1180 Luciscit
639 1125 786 1202 {199
751 1143 892 1206 ..la-13.
944 1143 1092 1179 cesso
1116 1126 1333 1195 pultare
1362 1126 1565 1178 ostium

152 1229 359 1296 Vicini,
389 1229 561 1298 primo
589 1245 659 1280 ex
686 1246 774 1281 me
801 1232 868 1280 ut
895 1229 1032 1281 sciat
1059 1228 1165 1281 sibi
1190 1229 1369 1283 filium

149 1338 381 1392 Redisse
404 1336 425 1390 ’ἱ
463 1337 567 1390 etsi
591 1337 995 1390 adulescentem
1019 1337 1124 1390 hoc
1149 1338 1295 1390 nolle
1324 1337 1597 1406 intellego,

151 1441 365 1495 Verum
391 1459 560 1510 quom
583 1441 803 1494 uideam
829 1441 1089 1494 miserum
1115 1442 1264 1495 hunc
1289 1446 1407 1495 tam
1434 1439 1789 1496 excruciarier

150 1545 288 1598 Eius
313 1545 488 1612 abitu,
513 1544 682 1597 celem
708 1548 824 1597 tam
849 1545 1189 1614 insperatum
1214 1546 1499 1614 gaudium,

152 1649 334 1714 Quom
359 1649 444 1702 illi
467 1649 657 1718 pericli
683 1649 764 1701 nil
791 1666 859 1701 ex
885 1649 1087 1702 indicio
1115 1650 1220 1703 siet
1244 1650 1264 1703 ‘3

149 1754 321 1808 Haud
338 1754 545 1816 ¹faciam
571 1772 584 1809 :
624 1771 755 1807 nam
783 1753 932 1821 quod
959 1758 1151 1822 potero
1178 1755 1440 1809 adiutabo
1468 1773 1667 1810 senem.

150 1858 243 1912 Ita
267 1861 335 1912 ut
361 1858 536 1911 filium
562 1875 746 1911 meum
772 1858 946 1911 amico
973 1861 1140 1927 atque
1167 1859 1369 1928 aequali
1396 1877 1496 1912 suo

149 1962 376 2017 Video
359 1963 622 2016 inseruire
649 1967 706 2016 et
731 1963 940 2016 socium
967 1980 1081 2016 esse
1106 1962 1168 2014 in
1194 1963 1447 2032 negotiiS,

150 2067 274 2121 Nos
301 2084 519 2137 quoque
547 2084 701 2120 senes
729 2071 812 2119 est
838 2083 1057 2135 aequom
1085 2067 1305 2120 senibus
1331 2067 1573 2136 obsequi.
2077 2067 2117 2102 '⁴⁰

228 2172 344 2227 Mu„
393 2173 512 2226 Aut
539 2189 638 2240 ego
667 2171 953 2240 profecto
937 2173 1155 2240 ingenio
1183 2173 1391 2242 egregie
1416 2173 1487 2226 ad
1513 2173 1755 2226 miserias

146 2277 334 2330 Natus
359 2295 501 2345 sum,
532 2279 632 2330 aut
657 2276 798 2329 illud
822 2276 1096 2344 falsumst‚
1129 2277 1280 2345 quod
1307 2278 1469 2346 uolgo
1494 2275 1659 2331 audio

147 2381 275 2434 Dici
300 2380 446 2435 diem
471 2380 710 2433 adimere
736 2379 1120 2448 aegritudinem
1145 2380 1459 2434 hominibus
1483 2399 1496 2436 :

147 2485 208 2539 N
207 2504 298 2539 am
323 2485 461 2539 mihi
486 2485 708 2554 quidem
735 2484 935 2538 cotidie
959 2483 1201 2552 augescit
1227 2483 1399 2553 magis

150 2589 236 2644 De
263 2589 376 2643 filio
403 2589 686 2657 aegritudO,
720 2590 778 2640 et
806 2591 1014 2657 quanto
1040 2588 1251 2641 diutius
2071 2587 2113 2622 ¹⁶

153 2695 347 2762 Abest,
379 2694 556 2761 magis
583 2692 743 2761 cupio
769 2696 931 2746 tanto
957 2696 1017 2745 et
1039 2693 1215 2761 magis
1241 2692 1505 2747 desidem.

229 2787 355 2852 CE'
380 2796 490 2851 Sed
516 2797 696 2866 ipsum
722 2798 871 2849 foras
897 2813 1172 2865 egressum
1198 2796 1364 2864 uideo
1388 2815 1401 2852 :
1440 2797 1551 2866 ibe,
1583 2799 1863 2869 adloquar.

147 2902 491 2970 Menedemo,
523 2903 675 2955 salue
699 2921 712 2956 ε
753 2902 1015 2955 nuntium
1041 2901 1274 2970 adporto
1302 2902 1421 2970 tibi,

145 3007 358 3070 Quoius
382 3023 640 3060 maxume
667 3010 724 3059 te
751 3006 870 3058 fieri
893 3005 1215 3074 participem
1242 3005 1409 3074 cupis,

226 3111 339 3164 Mn.
389 3110 812 3180 Numquidnam
837 3110 907 3163 de
932 3126 1055 3162 meo
1081 3114 1250 3177 gnato
1277 3111 1559 3178 audiussti,
1586 3111 1813 3165 Chreme
1838 3111 1857 3164 2
2070 3110 2111 3142 ²⁰

227 3214 327 3268 OE.
376 3214 545 3268 Valet
570 3220 739 3284 atque
765 3215 924 3269 uiuit.
1014 3214 1127 3266 ME.
1178 3214 1473 3268 Vbinamst
1499 3217 1724 3284 quaeso?
1790 3217 1891 3272 GH.
1941 3219 2108 3288 Apud

383 3337 471 3372 me
497 3319 661 3374 domi.
719 3363 730 3376 .

232 3422 339 3478 Mn.
390 3423 554 3477 Meus
580 3424 824 3492 gnatus?
904 3424 1003 3478 CH.
1041 3423 1130 3476 Sic
1155 3427 1255 3478 est.
1343 3423 1457 3478 ΜΕ.
1494 3423 1708 3478 Venit?
1789 3425 1888 3481 ΟΠ.
1926 3426 2097 3482 Certe.

387 3529 501 3583 Mn.
551 3529 742 3584 Clinia.
