<?xml version="1.0" encoding="UTF-8"?>
<!DOCTYPE html PUBLIC "-//W3C//DTD XHTML 1.0 Transitional//EN"
    "http://www.w3.org/TR/xhtml1/DTD/xhtml1-transitional.dtd">
<html xmlns="http://www.w3.org/1999/xhtml" xml:lang="en" lang="en">
 <head>
  <title>
</title>
<meta http-equiv="Content-Type" content="text/html;charset=utf-8" />
  <meta name='ocr-system' content='tesseract 3.04.00' />
  <meta name='ocr-capabilities' content='ocr_page ocr_carea ocr_par ocr_line ocrx_word'/>
</head>
<body>
  <div class='ocr_page' id='page_1' title='image "andriaetheauton00davigoog_0153.png"; bbox 0 0 2342 3992; ppageno 0'>
   <div class='ocr_carea' id='block_1_1' title="bbox 766 160 2127 239">
    <p class='ocr_par' dir='ltr' id='par_1_1' title="bbox 766 160 2127 239">
     <span class='ocr_line' id='line_1_1' title="bbox 766 160 2127 239; baseline 0.006 -8"><span class='ocrx_word' id='word_1_1' title='bbox 766 160 1529 239; x_wconf 66' lang='grc' dir='ltr'><strong>ΗΕΛψὲοΝΉΜοηνΜΕΝοε.</strong></span> <span class='ocrx_word' id='word_1_2' title='bbox 2009 183 2127 239; x_wconf 81' lang='grc'><strong>139</strong></span> 
     </span>
    </p>
   </div>
   <div class='ocr_carea' id='block_1_2' title="bbox 804 478 1467 539">
    <p class='ocr_par' dir='ltr' id='par_1_2' title="bbox 804 478 1467 539">
     <span class='ocr_line' id='line_1_2' title="bbox 804 478 1467 539; baseline 0.011 -8"><span class='ocrx_word' id='word_1_3' title='bbox 804 478 960 534; x_wconf 86' lang='lat' dir='ltr'><strong>ACT.</strong></span> <span class='ocrx_word' id='word_1_4' title='bbox 1008 481 1110 535; x_wconf 91' lang='lat' dir='ltr'><strong>IV.</strong></span> <span class='ocrx_word' id='word_1_5' title='bbox 1118 481 1363 536; x_wconf 54' lang='lat' dir='ltr'><strong>—Scmm</strong></span> <span class='ocrx_word' id='word_1_6' title='bbox 1413 486 1467 539; x_wconf 90' lang='lat'><strong>8.</strong></span> 
     </span>
    </p>
   </div>
   <div class='ocr_carea' id='block_1_3' title="bbox 775 637 1501 680">
    <p class='ocr_par' dir='ltr' id='par_1_3' title="bbox 775 637 1501 680">
     <span class='ocr_line' id='line_1_3' title="bbox 775 637 1501 680; baseline 0.007 -6"><span class='ocrx_word' id='word_1_7' title='bbox 775 637 1138 678; x_wconf 68' lang='lat' dir='ltr'><strong>mmnfflvs,</strong></span> <span class='ocrx_word' id='word_1_8' title='bbox 1228 640 1300 677; x_wconf 81' lang='lat' dir='ltr'><strong>CH</strong></span> <span class='ocrx_word' id='word_1_9' title='bbox 1306 641 1501 680; x_wconf 70' lang='lat' dir='ltr'>REMES.</span> 
     </span>
    </p>
   </div>
   <div class='ocr_carea' id='block_1_4' title="bbox 133 749 2127 1335">
    <p class='ocr_par' dir='ltr' id='par_1_4' title="bbox 133 749 2127 1131">
     <span class='ocr_line' id='line_1_4' title="bbox 227 749 1691 809; baseline 0.005 -7"><span class='ocrx_word' id='word_1_10' title='bbox 227 750 354 803; x_wconf 69' lang='lat' dir='ltr'><strong>Mt.</strong></span> <span class='ocrx_word' id='word_1_11' title='bbox 401 749 589 803; x_wconf 73' lang='lat' dir='ltr'><strong>Multo</strong></span> <span class='ocrx_word' id='word_1_12' title='bbox 616 751 864 803; x_wconf 83' lang='lat' dir='ltr'><strong>omnium</strong></span> <span class='ocrx_word' id='word_1_13' title='bbox 890 770 1039 805; x_wconf 84' lang='lat' dir='ltr'><strong>nunc</strong></span> <span class='ocrx_word' id='word_1_14' title='bbox 1058 771 1146 805; x_wconf 90' lang='lat' dir='ltr'><strong>me</strong></span> <span class='ocrx_word' id='word_1_15' title='bbox 1172 753 1691 809; x_wconf 83' lang='lat' dir='ltr'><strong>fortunatissumum</strong></span> 
     </span>
     <span class='ocr_line' id='line_1_5' title="bbox 133 854 1491 927; baseline 0.004 -22"><span class='ocrx_word' id='word_1_16' title='bbox 133 854 388 906; x_wconf 80' lang='lat' dir='ltr'><strong>Factum</strong></span> <span class='ocrx_word' id='word_1_17' title='bbox 415 857 553 922; x_wconf 88' lang='lat' dir='ltr'><strong>puto</strong></span> <span class='ocrx_word' id='word_1_18' title='bbox 579 872 716 923; x_wconf 85' lang='lat' dir='ltr'><strong>esse,</strong></span> <span class='ocrx_word' id='word_1_19' title='bbox 745 859 928 924; x_wconf 72' lang='lat' dir='ltr'><strong>gnate,</strong></span> <span class='ocrx_word' id='word_1_20' title='bbox 953 873 1121 925; x_wconf 92' lang='lat' dir='ltr'><strong>quom</strong></span> <span class='ocrx_word' id='word_1_21' title='bbox 1146 861 1205 910; x_wconf 91' lang='lat' dir='ltr'><strong>te</strong></span> <span class='ocrx_word' id='word_1_22' title='bbox 1230 857 1491 927; x_wconf 74' lang='lat' dir='ltr'>intellego</span> 
     </span>
     <span class='ocr_line' id='line_1_6' title="bbox 133 957 2127 1034; baseline 0.005 -25"><span class='ocrx_word' id='word_1_23' title='bbox 133 957 442 1026; x_wconf 85' lang='lat' dir='ltr'><strong>Resipisse.</strong></span> <span class='ocrx_word' id='word_1_24' title='bbox 531 957 633 1011; x_wconf 76' lang='lat' dir='ltr'><strong>CH.</strong></span> <span class='ocrx_word' id='word_1_25' title='bbox 670 958 752 1011; x_wconf 89' lang='lat' dir='ltr'><strong>Vt</strong></span> <span class='ocrx_word' id='word_1_26' title='bbox 780 963 940 1013; x_wconf 76' lang='lat' dir='ltr'><strong>errat.</strong></span> <span class='ocrx_word' id='word_1_27' title='bbox 1027 960 1144 1015; x_wconf 75' lang='lat' dir='ltr'><strong>Mn.</strong></span> <span class='ocrx_word' id='word_1_28' title='bbox 1193 960 1269 1015; x_wconf 84' lang='lat' dir='ltr'><strong>Te</strong></span> <span class='ocrx_word' id='word_1_29' title='bbox 1294 961 1475 1031; x_wconf 86' lang='lat' dir='ltr'><strong>ipsum</strong></span> <span class='ocrx_word' id='word_1_30' title='bbox 1502 964 1833 1034; x_wconf 67' lang='lat' dir='ltr'><strong>quaerebam,</strong></span> <span class='ocrx_word' id='word_1_31' title='bbox 1866 965 2127 1021; x_wconf 82' lang='lat' dir='ltr'><strong>Chreme:</strong></span> 
     </span>
     <span class='ocr_line' id='line_1_7' title="bbox 133 1062 1613 1131; baseline 0.005 -17"><span class='ocrx_word' id='word_1_32' title='bbox 133 1062 344 1129; x_wconf 80' lang='lat' dir='ltr'><strong>Serua,</strong></span> <span class='ocrx_word' id='word_1_33' title='bbox 375 1063 524 1131; x_wconf 88' lang='lat' dir='ltr'><strong>quod</strong></span> <span class='ocrx_word' id='word_1_34' title='bbox 550 1063 610 1115; x_wconf 90' lang='lat' dir='ltr'><strong>in</strong></span> <span class='ocrx_word' id='word_1_35' title='bbox 630 1066 688 1115; x_wconf 90' lang='lat' dir='ltr'><strong>te</strong></span> <span class='ocrx_word' id='word_1_36' title='bbox 715 1067 817 1131; x_wconf 89' lang='lat' dir='ltr'><strong>est,</strong></span> <span class='ocrx_word' id='word_1_37' title='bbox 848 1064 1026 1117; x_wconf 89' lang='lat' dir='ltr'><strong>filium</strong></span> <span class='ocrx_word' id='word_1_38' title='bbox 1052 1068 1110 1117; x_wconf 91' lang='lat' dir='ltr'><strong>et</strong></span> <span class='ocrx_word' id='word_1_39' title='bbox 1137 1083 1225 1118; x_wconf 90' lang='lat' dir='ltr'><strong>me</strong></span> <span class='ocrx_word' id='word_1_40' title='bbox 1252 1070 1310 1119; x_wconf 93' lang='lat' dir='ltr'><strong>et</strong></span> <span class='ocrx_word' id='word_1_41' title='bbox 1335 1066 1613 1122; x_wconf 81' lang='lat' dir='ltr'><strong>familiam.</strong></span> 
     </span>
    </p>

    <p class='ocr_par' dir='ltr' id='par_1_5' title="bbox 228 1165 1981 1236">
     <span class='ocr_line' id='line_1_8' title="bbox 228 1165 1981 1236; baseline 0.005 -17"><span class='ocrx_word' id='word_1_42' title='bbox 228 1167 336 1220; x_wconf 79' lang='lat' dir='ltr'><strong>Cn.</strong></span> <span class='ocrx_word' id='word_1_43' title='bbox 383 1165 531 1220; x_wconf 90' lang='lat' dir='ltr'><strong>Cedo</strong></span> <span class='ocrx_word' id='word_1_44' title='bbox 559 1168 693 1236; x_wconf 90' lang='lat' dir='ltr'><strong>quid</strong></span> <span class='ocrx_word' id='word_1_45' title='bbox 719 1168 807 1220; x_wconf 86' lang='lat' dir='ltr'><strong>uis</strong></span> <span class='ocrx_word' id='word_1_46' title='bbox 830 1168 1066 1222; x_wconf 69' lang='lat' dir='ltr'><strong>faciam?</strong></span> <span class='ocrx_word' id='word_1_47' title='bbox 1144 1169 1259 1223; x_wconf 71' lang='lat' dir='ltr'><strong>Mn.</strong></span> <span class='ocrx_word' id='word_1_48' title='bbox 1308 1170 1583 1225; x_wconf 91' lang='lat' dir='ltr'><strong>Inuenisti</strong></span> <span class='ocrx_word' id='word_1_49' title='bbox 1607 1173 1771 1226; x_wconf 89' lang='lat' dir='ltr'><strong>hodie</strong></span> <span class='ocrx_word' id='word_1_50' title='bbox 1798 1174 1981 1229; x_wconf 75' lang='lat' dir='ltr'><strong>filiam.</strong></span> 
     </span>
    </p>

    <p class='ocr_par' dir='ltr' id='par_1_6' title="bbox 228 1270 2027 1335">
     <span class='ocr_line' id='line_1_9' title="bbox 228 1270 2027 1335; baseline 0.006 -11"><span class='ocrx_word' id='word_1_51' title='bbox 228 1270 335 1325; x_wconf 77' lang='lat' dir='ltr'><strong>CH.</strong></span> <span class='ocrx_word' id='word_1_52' title='bbox 386 1270 528 1335; x_wconf 83' lang='lat' dir='ltr'>Quid</span> <span class='ocrx_word' id='word_1_53' title='bbox 559 1276 680 1325; x_wconf 91' lang='lat' dir='ltr'><strong>tum</strong></span> <span class='ocrx_word' id='word_1_54' title='bbox 701 1272 722 1325; x_wconf 73' lang='lat'><strong>‘3</strong></span> <span class='ocrx_word' id='word_1_55' title='bbox 800 1272 914 1327; x_wconf 73' lang='lat' dir='ltr'><strong>Mn.</strong></span> <span class='ocrx_word' id='word_1_56' title='bbox 965 1274 1130 1327; x_wconf 81' lang='lat' dir='ltr'><strong>Hane</strong></span> <span class='ocrx_word' id='word_1_57' title='bbox 1150 1291 1377 1327; x_wconf 87' lang='lat' dir='ltr'><strong>uxorem</strong></span> <span class='ocrx_word' id='word_1_58' title='bbox 1404 1276 1509 1329; x_wconf 89' lang='lat' dir='ltr'><strong>sibi</strong></span> <span class='ocrx_word' id='word_1_59' title='bbox 1534 1277 1655 1330; x_wconf 75' lang='lat' dir='ltr'><strong>dari</strong></span> <span class='ocrx_word' id='word_1_60' title='bbox 1678 1279 1801 1331; x_wconf 88' lang='lat' dir='ltr'><strong>uolt</strong></span> <span class='ocrx_word' id='word_1_61' title='bbox 1827 1278 2027 1335; x_wconf 78' lang='lat' dir='ltr'><strong>Clinia.</strong></span> 
     </span>
    </p>
   </div>
   <div class='ocr_carea' id='block_1_5' title="bbox 227 1376 2125 1547">
    <p class='ocr_par' dir='ltr' id='par_1_7' title="bbox 227 1376 2125 1547">
     <span class='ocr_line' id='line_1_10' title="bbox 227 1376 2125 1445; baseline 0.005 -17"><span class='ocrx_word' id='word_1_62' title='bbox 227 1376 336 1429; x_wconf 77' lang='lat' dir='ltr'><strong>CH.</strong></span> <span class='ocrx_word' id='word_1_63' title='bbox 385 1376 583 1441; x_wconf 70' lang='lat' dir='ltr'><strong>Quaeso</strong></span> <span class='ocrx_word' id='word_1_64' title='bbox 610 1376 745 1445; x_wconf 88' lang='lat' dir='ltr'><strong>quid</strong></span> <span class='ocrx_word' id='word_1_65' title='bbox 770 1383 837 1429; x_wconf 88' lang='lat' dir='ltr'><strong>tu</strong></span> <span class='ocrx_word' id='word_1_66' title='bbox 862 1377 1158 1430; x_wconf 77' lang='lat' dir='ltr'><strong>homini’s?</strong></span> <span class='ocrx_word' id='word_1_67' title='bbox 1238 1378 1351 1432; x_wconf 74' lang='grc' dir='ltr'><strong>ΜΕ.</strong></span> <span class='ocrx_word' id='word_1_68' title='bbox 1401 1380 1549 1445; x_wconf 85' lang='lat' dir='ltr'><strong>Quid</strong></span> <span class='ocrx_word' id='word_1_69' title='bbox 1576 1385 1659 1434; x_wconf 86' lang='lat' dir='ltr'><strong>est</strong></span> <span class='ocrx_word' id='word_1_70' title='bbox 1684 1381 1704 1434; x_wconf 74' lang='lat'><em>2</em></span> <span class='ocrx_word' id='word_1_71' title='bbox 1783 1382 1885 1437; x_wconf 77' lang='lat' dir='ltr'><strong>CH.</strong></span> <span class='ocrx_word' id='word_1_72' title='bbox 1936 1383 2125 1437; x_wconf 79' lang='lat' dir='ltr'><strong>Iamne</strong></span> 
     </span>
     <span class='ocr_line' id='line_1_11' title="bbox 393 1480 704 1547; baseline -0.003 -14"><span class='ocrx_word' id='word_1_73' title='bbox 393 1480 601 1533; x_wconf 88' lang='lat' dir='ltr'><strong>oblitus</strong></span> <span class='ocrx_word' id='word_1_74' title='bbox 628 1498 704 1547; x_wconf 77' lang='lat' dir='ltr'><strong>ee,</strong></span> 
     </span>
    </p>
   </div>
   <div class='ocr_carea' id='block_1_6' title="bbox 141 1584 2129 3641">
    <p class='ocr_par' dir='ltr' id='par_1_8' title="bbox 141 1584 2129 3641">
     <span class='ocr_line' id='line_1_12' title="bbox 141 1584 1294 1653; baseline 0.004 -17"><span class='ocrx_word' id='word_1_75' title='bbox 141 1584 312 1636; x_wconf 90' lang='lat' dir='ltr'><strong>Inter</strong></span> <span class='ocrx_word' id='word_1_76' title='bbox 335 1600 437 1636; x_wconf 83' lang='lat' dir='ltr'><strong>nos</strong></span> <span class='ocrx_word' id='word_1_77' title='bbox 465 1584 599 1653; x_wconf 90' lang='lat' dir='ltr'><strong>quid</strong></span> <span class='ocrx_word' id='word_1_78' title='bbox 627 1584 702 1637; x_wconf 88' lang='lat' dir='ltr'><strong>sit</strong></span> <span class='ocrx_word' id='word_1_79' title='bbox 727 1584 939 1637; x_wconf 82' lang='lat' dir='ltr'><strong>dictum</strong></span> <span class='ocrx_word' id='word_1_80' title='bbox 965 1585 1034 1638; x_wconf 89' lang='lat' dir='ltr'><strong>de</strong></span> <span class='ocrx_word' id='word_1_81' title='bbox 1060 1586 1294 1653; x_wconf 80' lang='lat' dir='ltr'><strong>fallacia,</strong></span> 
     </span>
     <span class='ocr_line' id='line_1_13' title="bbox 141 1687 1723 1757; baseline 0.003 -17"><span class='ocrx_word' id='word_1_82' title='bbox 141 1687 235 1741; x_wconf 90' lang='lat' dir='ltr'><strong>Vt</strong></span> <span class='ocrx_word' id='word_1_83' title='bbox 262 1705 329 1741; x_wconf 83' lang='lat' dir='ltr'><strong>ea</strong></span> <span class='ocrx_word' id='word_1_84' title='bbox 354 1688 447 1741; x_wconf 78' lang='lat' dir='ltr'><strong>uia</strong></span> <span class='ocrx_word' id='word_1_85' title='bbox 471 1688 570 1741; x_wconf 80' lang='lat' dir='ltr'><strong>abs</strong></span> <span class='ocrx_word' id='word_1_86' title='bbox 593 1692 651 1741; x_wconf 88' lang='lat' dir='ltr'><strong>te</strong></span> <span class='ocrx_word' id='word_1_87' title='bbox 677 1692 966 1757; x_wconf 82' lang='lat' dir='ltr'><strong>argentum</strong></span> <span class='ocrx_word' id='word_1_88' title='bbox 994 1689 1344 1741; x_wconf 74' lang='lat' dir='ltr'><strong>auferretur?</strong></span> <span class='ocrx_word' id='word_1_89' title='bbox 1422 1690 1536 1744; x_wconf 75' lang='lat' dir='ltr'><strong>Mn.</strong></span> <span class='ocrx_word' id='word_1_90' title='bbox 1587 1690 1723 1745; x_wconf 80' lang='lat' dir='ltr'><strong>Scio,</strong></span> 
     </span>
     <span class='ocr_line' id='line_1_14' title="bbox 231 1770 2125 1863; baseline 0.005 -20"><span class='ocrx_word' id='word_1_91' title='bbox 231 1770 357 1846; x_wconf 56' lang='grc' dir='ltr'><strong>ΟΠ..</strong></span> <span class='ocrx_word' id='word_1_92' title='bbox 383 1791 466 1845; x_wconf 82' lang='lat' dir='ltr'><strong>Ea</strong></span> <span class='ocrx_word' id='word_1_93' title='bbox 490 1809 576 1844; x_wconf 88' lang='lat' dir='ltr'><strong>res</strong></span> <span class='ocrx_word' id='word_1_94' title='bbox 601 1809 750 1845; x_wconf 84' lang='lat' dir='ltr'><strong>nune</strong></span> <span class='ocrx_word' id='word_1_95' title='bbox 776 1792 959 1860; x_wconf 84' lang='lat' dir='ltr'><strong>agitur</strong></span> <span class='ocrx_word' id='word_1_96' title='bbox 983 1792 1114 1861; x_wconf 81' lang='lat' dir='ltr'><strong>ipsa.</strong></span> <span class='ocrx_word' id='word_1_97' title='bbox 1202 1792 1316 1847; x_wconf 73' lang='lat' dir='ltr'><strong>Mn.</strong></span> <span class='ocrx_word' id='word_1_98' title='bbox 1366 1792 1514 1857; x_wconf 76' lang='lat' dir='ltr'><strong>Quid</strong></span> <span class='ocrx_word' id='word_1_99' title='bbox 1540 1812 1745 1863; x_wconf 83' lang='lat' dir='ltr'><strong>narras,</strong></span> <span class='ocrx_word' id='word_1_100' title='bbox 1778 1795 2007 1851; x_wconf 81' lang='lat' dir='ltr'><strong>Chreme</strong></span> <span class='ocrx_word' id='word_1_101' title='bbox 2028 1800 2049 1853; x_wconf 70' lang='lat'><em>2</em></span> <span class='ocrx_word' id='word_1_102' title='bbox 2086 1795 2125 1828; x_wconf 90' lang='lat'><strong>¹⁰</strong></span> 
     </span>
     <span class='ocr_line' id='line_1_15' title="bbox 144 1895 1768 1966; baseline 0.001 -17"><span class='ocrx_word' id='word_1_103' title='bbox 144 1897 334 1949; x_wconf 91' lang='lat' dir='ltr'><strong>Immo</strong></span> <span class='ocrx_word' id='word_1_104' title='bbox 359 1895 478 1950; x_wconf 82' lang='lat' dir='ltr'><strong>haec</strong></span> <span class='ocrx_word' id='word_1_105' title='bbox 505 1895 729 1965; x_wconf 85' lang='lat' dir='ltr'><strong>quidem</strong></span> <span class='ocrx_word' id='word_1_106' title='bbox 756 1913 880 1964; x_wconf 86' lang='lat' dir='ltr'><strong>quae</strong></span> <span class='ocrx_word' id='word_1_107' title='bbox 907 1896 1057 1965; x_wconf 84' lang='lat' dir='ltr'><strong>apud</strong></span> <span class='ocrx_word' id='word_1_108' title='bbox 1083 1913 1170 1949; x_wconf 92' lang='lat' dir='ltr'><strong>me</strong></span> <span class='ocrx_word' id='word_1_109' title='bbox 1198 1899 1301 1964; x_wconf 86' lang='lat' dir='ltr'><strong>est,</strong></span> <span class='ocrx_word' id='word_1_110' title='bbox 1333 1896 1659 1966; x_wconf 73' lang='lat' dir='ltr'><strong>Clitiphonis</strong></span> <span class='ocrx_word' id='word_1_111' title='bbox 1684 1902 1768 1951; x_wconf 88' lang='lat' dir='ltr'><strong>est</strong></span> 
     </span>
     <span class='ocr_line' id='line_1_16' title="bbox 143 2000 1557 2059; baseline 0.003 -4"><span class='ocrx_word' id='word_1_112' title='bbox 143 2000 359 2055; x_wconf 81' lang='lat' dir='ltr'><strong>Amica.</strong></span> <span class='ocrx_word' id='word_1_113' title='bbox 450 2001 551 2056; x_wconf 75' lang='lat' dir='ltr'><strong>Cn.</strong></span> <span class='ocrx_word' id='word_1_114' title='bbox 601 2002 692 2055; x_wconf 84' lang='lat' dir='ltr'><strong>Ita</strong></span> <span class='ocrx_word' id='word_1_115' title='bbox 717 2002 874 2055; x_wconf 84' lang='lat' dir='ltr'><strong>aiunt</strong></span> <span class='ocrx_word' id='word_1_116' title='bbox 903 2021 915 2057; x_wconf 75' lang='grc' dir='ltr'><strong>ε</strong></span> <span class='ocrx_word' id='word_1_117' title='bbox 957 2006 1013 2055; x_wconf 88' lang='grc'><strong>61</strong></span> <span class='ocrx_word' id='word_1_118' title='bbox 1038 2006 1105 2055; x_wconf 83' lang='grc'><strong>111</strong></span> <span class='ocrx_word' id='word_1_119' title='bbox 1132 2003 1307 2056; x_wconf 84' lang='lat' dir='ltr'><strong>credis</strong></span> <span class='ocrx_word' id='word_1_120' title='bbox 1333 2004 1517 2056; x_wconf 84' lang='lat' dir='ltr'><strong>omnia</strong></span> <span class='ocrx_word' id='word_1_121' title='bbox 1544 2023 1557 2059; x_wconf 88' lang='lat'>:</span> 
     </span>
     <span class='ocr_line' id='line_1_17' title="bbox 144 2104 1738 2176; baseline 0.001 -16"><span class='ocrx_word' id='word_1_122' title='bbox 144 2105 228 2160; x_wconf 82' lang='lat' dir='ltr'><strong>Et</strong></span> <span class='ocrx_word' id='word_1_123' title='bbox 253 2104 411 2157; x_wconf 84' lang='lat' dir='ltr'><strong>illam</strong></span> <span class='ocrx_word' id='word_1_124' title='bbox 437 2104 594 2158; x_wconf 81' lang='lat' dir='ltr'><strong>aiunt</strong></span> <span class='ocrx_word' id='word_1_125' title='bbox 621 2106 764 2159; x_wconf 91' lang='lat' dir='ltr'><strong>uelle</strong></span> <span class='ocrx_word' id='word_1_126' title='bbox 788 2123 1037 2173; x_wconf 85' lang='lat' dir='ltr'><strong>uxorem,</strong></span> <span class='ocrx_word' id='word_1_127' title='bbox 1069 2110 1136 2159; x_wconf 84' lang='lat' dir='ltr'><strong>ut</strong></span> <span class='ocrx_word' id='word_1_128' title='bbox 1163 2124 1329 2175; x_wconf 90' lang='lat' dir='ltr'><strong>quom</strong></span> <span class='ocrx_word' id='word_1_129' title='bbox 1357 2107 1738 2176; x_wconf 87' lang='lat' dir='ltr'><strong>desponderim</strong></span> 
     </span>
     <span class='ocr_line' id='line_1_18' title="bbox 145 2208 2058 2283; baseline 0.004 -21"><span class='ocrx_word' id='word_1_130' title='bbox 145 2210 266 2263; x_wconf 90' lang='lat' dir='ltr'><strong>Des</strong></span> <span class='ocrx_word' id='word_1_131' title='bbox 294 2208 392 2279; x_wconf 90' lang='lat' dir='ltr'><strong>qui</strong></span> <span class='ocrx_word' id='word_1_132' title='bbox 417 2226 613 2263; x_wconf 87' lang='lat' dir='ltr'><strong>aurum</strong></span> <span class='ocrx_word' id='word_1_133' title='bbox 639 2227 701 2263; x_wconf 82' lang='lat' dir='ltr'><strong>ac</strong></span> <span class='ocrx_word' id='word_1_134' title='bbox 726 2213 939 2263; x_wconf 88' lang='lat' dir='ltr'><strong>uestem</strong></span> <span class='ocrx_word' id='word_1_135' title='bbox 965 2213 1132 2278; x_wconf 82' lang='lat' dir='ltr'><strong>atque</strong></span> <span class='ocrx_word' id='word_1_136' title='bbox 1158 2211 1269 2263; x_wconf 81' lang='lat' dir='ltr'><strong>alia</strong></span> <span class='ocrx_word' id='word_1_137' title='bbox 1295 2228 1420 2279; x_wconf 84' lang='lat' dir='ltr'><strong>quee</strong></span> <span class='ocrx_word' id='word_1_138' title='bbox 1447 2229 1585 2280; x_wconf 87' lang='lat' dir='ltr'><strong>opus</strong></span> <span class='ocrx_word' id='word_1_139' title='bbox 1612 2217 1744 2266; x_wconf 89' lang='lat' dir='ltr'><strong>sunt</strong></span> <span class='ocrx_word' id='word_1_140' title='bbox 1770 2220 2058 2283; x_wconf 77' lang='lat' dir='ltr'><strong>comparet.</strong></span> 
     </span>
     <span class='ocr_line' id='line_1_19' title="bbox 231 2314 2125 2383; baseline 0.003 -16"><span class='ocrx_word' id='word_1_141' title='bbox 231 2314 348 2369; x_wconf 75' lang='lat' dir='ltr'><strong>Mn.</strong></span> <span class='ocrx_word' id='word_1_142' title='bbox 397 2314 468 2367; x_wconf 88' lang='lat' dir='ltr'><strong>Id</strong></span> <span class='ocrx_word' id='word_1_143' title='bbox 496 2318 580 2368; x_wconf 85' lang='lat' dir='ltr'><strong>est</strong></span> <span class='ocrx_word' id='word_1_144' title='bbox 606 2315 849 2383; x_wconf 83' lang='lat' dir='ltr'><strong>profecto</strong></span> <span class='ocrx_word' id='word_1_145' title='bbox 878 2334 889 2370; x_wconf 92' lang='lat'><strong>:</strong></span> <span class='ocrx_word' id='word_1_146' title='bbox 916 2315 976 2368; x_wconf 86' lang='lat' dir='ltr'><strong>id</strong></span> <span class='ocrx_word' id='word_1_147' title='bbox 1003 2316 1193 2369; x_wconf 78' lang='lat' dir='ltr'><strong>amices</strong></span> <span class='ocrx_word' id='word_1_148' title='bbox 1220 2316 1456 2371; x_wconf 83' lang='lat' dir='ltr'><strong>dabitur.</strong></span> <span class='ocrx_word' id='word_1_149' title='bbox 1546 2317 1646 2372; x_wconf 79' lang='lat' dir='ltr'><strong>CH.</strong></span> <span class='ocrx_word' id='word_1_150' title='bbox 1704 2317 1919 2373; x_wconf 77' lang='lat' dir='ltr'><strong>Scilicet</strong></span> <span class='ocrx_word' id='word_1_151' title='bbox 2087 2318 2125 2350; x_wconf 71' lang='lat'><strong>¹⁶</strong></span> 
     </span>
     <span class='ocr_line' id='line_1_20' title="bbox 147 2419 1836 2489; baseline 0.001 -16"><span class='ocrx_word' id='word_1_152' title='bbox 147 2420 446 2473; x_wconf 80' lang='lat' dir='ltr'><strong>Daturum.</strong></span> <span class='ocrx_word' id='word_1_153' title='bbox 535 2419 648 2473; x_wconf 72' lang='lat' dir='ltr'><strong>Mn.</strong></span> <span class='ocrx_word' id='word_1_154' title='bbox 696 2419 806 2488; x_wconf 90' lang='lat' dir='ltr'><strong>Ah,</strong></span> <span class='ocrx_word' id='word_1_155' title='bbox 837 2420 1041 2473; x_wconf 83' lang='lat' dir='ltr'><strong>frustra</strong></span> <span class='ocrx_word' id='word_1_156' title='bbox 1068 2438 1192 2473; x_wconf 89' lang='lat' dir='ltr'><strong>sum</strong></span> <span class='ocrx_word' id='word_1_157' title='bbox 1217 2420 1390 2489; x_wconf 87' lang='lat' dir='ltr'><strong>igitur</strong></span> <span class='ocrx_word' id='word_1_158' title='bbox 1414 2422 1635 2489; x_wconf 83' lang='lat' dir='ltr'><strong>gauisus</strong></span> <span class='ocrx_word' id='word_1_159' title='bbox 1660 2422 1836 2476; x_wconf 89' lang='lat' dir='ltr'><strong>miser.</strong></span> 
     </span>
     <span class='ocr_line' id='line_1_21' title="bbox 149 2523 1569 2592; baseline 0.001 -15"><span class='ocrx_word' id='word_1_160' title='bbox 149 2524 389 2589; x_wconf 84' lang='lat' dir='ltr'><strong>Quiduis</strong></span> <span class='ocrx_word' id='word_1_161' title='bbox 415 2527 602 2576; x_wconf 83' lang='lat' dir='ltr'><strong>tamen</strong></span> <span class='ocrx_word' id='word_1_162' title='bbox 627 2523 738 2576; x_wconf 79' lang='lat' dir='ltr'><strong>iam</strong></span> <span class='ocrx_word' id='word_1_163' title='bbox 763 2523 910 2576; x_wconf 82' lang='lat' dir='ltr'><strong>malo</strong></span> <span class='ocrx_word' id='word_1_164' title='bbox 937 2540 1104 2592; x_wconf 75' lang='lat' dir='ltr'><strong>quam</strong></span> <span class='ocrx_word' id='word_1_165' title='bbox 1129 2523 1278 2577; x_wconf 84' lang='lat' dir='ltr'><strong>hune</strong></span> <span class='ocrx_word' id='word_1_166' title='bbox 1304 2524 1569 2579; x_wconf 81' lang='lat' dir='ltr'><strong>amittere.</strong></span> 
     </span>
     <span class='ocr_line' id='line_1_22' title="bbox 150 2626 1665 2698; baseline 0.001 -17"><span class='ocrx_word' id='word_1_167' title='bbox 150 2628 302 2692; x_wconf 73' lang='lat' dir='ltr'><strong>Quid</strong></span> <span class='ocrx_word' id='word_1_168' title='bbox 328 2644 478 2681; x_wconf 84' lang='lat' dir='ltr'><strong>nunc</strong></span> <span class='ocrx_word' id='word_1_169' title='bbox 502 2626 811 2680; x_wconf 72' lang='lat' dir='ltr'><strong>renuntiem</strong></span> <span class='ocrx_word' id='word_1_170' title='bbox 838 2627 935 2680; x_wconf 83' lang='lat' dir='ltr'><strong>abs</strong></span> <span class='ocrx_word' id='word_1_171' title='bbox 960 2632 1018 2681; x_wconf 89' lang='lat' dir='ltr'><strong>te</strong></span> <span class='ocrx_word' id='word_1_172' title='bbox 1045 2645 1384 2695; x_wconf 88' lang='lat' dir='ltr'><strong>responsum,</strong></span> <span class='ocrx_word' id='word_1_173' title='bbox 1417 2628 1665 2698; x_wconf 83' lang='lat' dir='ltr'><strong>Chreme,</strong></span> 
     </span>
     <span class='ocr_line' id='line_1_23' title="bbox 150 2731 1415 2800; baseline 0 -15"><span class='ocrx_word' id='word_1_174' title='bbox 150 2732 242 2785; x_wconf 90' lang='lat' dir='ltr'><strong>Ne</strong></span> <span class='ocrx_word' id='word_1_175' title='bbox 270 2731 476 2785; x_wconf 85' lang='lat' dir='ltr'><strong>sentiat</strong></span> <span class='ocrx_word' id='word_1_176' title='bbox 500 2749 590 2784; x_wconf 90' lang='lat' dir='ltr'><strong>me</strong></span> <span class='ocrx_word' id='word_1_177' title='bbox 617 2731 841 2784; x_wconf 75' lang='lat' dir='ltr'><strong>sensisse</strong></span> <span class='ocrx_word' id='word_1_178' title='bbox 868 2734 1036 2799; x_wconf 83' lang='lat' dir='ltr'><strong>atque</strong></span> <span class='ocrx_word' id='word_1_179' title='bbox 1063 2749 1205 2800; x_wconf 85' lang='lat' dir='ltr'><strong>aegre</strong></span> <span class='ocrx_word' id='word_1_180' title='bbox 1231 2732 1371 2785; x_wconf 80' lang='lat' dir='ltr'><strong>ferat</strong></span> <span class='ocrx_word' id='word_1_181' title='bbox 1394 2732 1415 2785; x_wconf 73' lang='lat'><strong>‘3</strong></span> 
     </span>
     <span class='ocr_line' id='line_1_24' title="bbox 232 2836 2119 2910; baseline 0.005 -21"><span class='ocrx_word' id='word_1_182' title='bbox 232 2836 335 2891; x_wconf 75' lang='lat' dir='ltr'><strong>CH.</strong></span> <span class='ocrx_word' id='word_1_183' title='bbox 412 2837 584 2906; x_wconf 83' lang='lat' dir='ltr'><strong>AEgre</strong></span> <span class='ocrx_word' id='word_1_184' title='bbox 608 2837 628 2890; x_wconf 74' lang='lat'><em>2</em></span> <span class='ocrx_word' id='word_1_185' title='bbox 694 2836 926 2889; x_wconf 88' lang='lat' dir='ltr'><strong>nimium</strong></span> <span class='ocrx_word' id='word_1_186' title='bbox 1005 2838 1108 2905; x_wconf 88' lang='lat' dir='ltr'><strong>illi,</strong></span> <span class='ocrx_word' id='word_1_187' title='bbox 1186 2838 1527 2906; x_wconf 81' lang='lat' dir='ltr'><strong>Menedemo,</strong></span> <span class='ocrx_word' id='word_1_188' title='bbox 1613 2840 1877 2910; x_wconf 83' lang='lat' dir='ltr'><strong>indulges.</strong></span> <span class='ocrx_word' id='word_1_189' title='bbox 2003 2842 2119 2898; x_wconf 72' lang='lat' dir='ltr'><strong>Mn.</strong></span> 
     </span>
     <span class='ocr_line' id='line_1_25' title="bbox 395 2942 2129 2996; baseline 0.003 -1"><span class='ocrx_word' id='word_1_190' title='bbox 395 2942 524 2995; x_wconf 87' lang='lat' dir='ltr'><strong>Sine</strong></span> <span class='ocrx_word' id='word_1_191' title='bbox 549 2960 561 2996; x_wconf 76' lang='grc' dir='ltr'><strong><em>ε</em></strong></span> <span class='ocrx_word' id='word_1_192' title='bbox 715 2986 718 2991; x_wconf 96' lang='grc'>.</span> <span class='ocrx_word' id='word_1_193' title='bbox 2086 2946 2129 2977; x_wconf 76' lang='lat'><strong>²⁰</strong></span> 
     </span>
     <span class='ocr_line' id='line_1_26' title="bbox 153 3044 1641 3115; baseline 0.001 -16"><span class='ocrx_word' id='word_1_194' title='bbox 153 3046 500 3115; x_wconf 86' lang='lat' dir='ltr'><strong>Inceptumst</strong></span> <span class='ocrx_word' id='word_1_195' title='bbox 525 3064 538 3099; x_wconf 91' lang='lat'><strong>:</strong></span> <span class='ocrx_word' id='word_1_196' title='bbox 565 3044 763 3114; x_wconf 81' lang='lat' dir='ltr'><strong>perfice</strong></span> <span class='ocrx_word' id='word_1_197' title='bbox 789 3044 894 3098; x_wconf 82' lang='grc'><strong>1100</strong></span> <span class='ocrx_word' id='word_1_198' title='bbox 919 3044 1056 3097; x_wconf 86' lang='lat' dir='ltr'><strong>mihi</strong></span> <span class='ocrx_word' id='word_1_199' title='bbox 1081 3049 1365 3115; x_wconf 86' lang='lat' dir='ltr'><strong>perpetuo,</strong></span> <span class='ocrx_word' id='word_1_200' title='bbox 1397 3046 1641 3101; x_wconf 84' lang='lat' dir='ltr'><strong>Chreme.</strong></span> 
     </span>
     <span class='ocr_line' id='line_1_27' title="bbox 232 3149 1529 3219; baseline 0.001 -16"><span class='ocrx_word' id='word_1_201' title='bbox 232 3150 337 3204; x_wconf 75' lang='lat' dir='ltr'><strong>CH.</strong></span> <span class='ocrx_word' id='word_1_202' title='bbox 385 3150 491 3203; x_wconf 85' lang='lat' dir='ltr'><strong>Die</strong></span> <span class='ocrx_word' id='word_1_203' title='bbox 517 3150 852 3217; x_wconf 85' lang='lat' dir='ltr'><strong>conuenisse,</strong></span> <span class='ocrx_word' id='word_1_204' title='bbox 883 3149 1052 3217; x_wconf 79' lang='lat' dir='ltr'><strong>egisse</strong></span> <span class='ocrx_word' id='word_1_205' title='bbox 1078 3153 1136 3202; x_wconf 90' lang='lat' dir='ltr'><strong>te</strong></span> <span class='ocrx_word' id='word_1_206' title='bbox 1163 3150 1234 3203; x_wconf 87' lang='lat' dir='ltr'><strong>de</strong></span> <span class='ocrx_word' id='word_1_207' title='bbox 1260 3150 1484 3219; x_wconf 87' lang='lat' dir='ltr'><strong>nuptiis.</strong></span> <span class='ocrx_word' id='word_1_208' title='bbox 1525 3204 1529 3214; x_wconf 72' lang='grc'><strong>,</strong></span> 
     </span>
     <span class='ocr_line' id='line_1_28' title="bbox 232 3254 2051 3337; baseline 0.003 -29"><span class='ocrx_word' id='word_1_209' title='bbox 232 3256 350 3310; x_wconf 74' lang='grc' dir='ltr'><strong>ΜΕ.</strong></span> <span class='ocrx_word' id='word_1_210' title='bbox 398 3255 605 3309; x_wconf 81' lang='lat' dir='ltr'><strong>Dicam,</strong></span> <span class='ocrx_word' id='word_1_211' title='bbox 642 3255 778 3324; x_wconf 89' lang='lat' dir='ltr'><strong>quid</strong></span> <span class='ocrx_word' id='word_1_212' title='bbox 805 3254 1003 3308; x_wconf 90' lang='lat' dir='ltr'><strong>deinde</strong></span> <span class='ocrx_word' id='word_1_213' title='bbox 1026 3255 1046 3308; x_wconf 74' lang='lat'><em>2</em></span> <span class='ocrx_word' id='word_1_214' title='bbox 1127 3255 1230 3309; x_wconf 74' lang='lat' dir='ltr'><strong>Cn.</strong></span> <span class='ocrx_word' id='word_1_215' title='bbox 1280 3256 1376 3308; x_wconf 91' lang='lat' dir='ltr'><strong>Me</strong></span> <span class='ocrx_word' id='word_1_216' title='bbox 1403 3257 1682 3337; x_wconf 71' lang='lat' dir='ltr'><strong>facturum</strong></span> <span class='ocrx_word' id='word_1_217' title='bbox 1709 3274 1824 3311; x_wconf 89' lang='lat' dir='ltr'><strong>esse</strong></span> <span class='ocrx_word' id='word_1_218' title='bbox 1852 3260 2051 3320; x_wconf 78' lang='lat' dir='ltr'><strong>omnia,</strong></span> 
     </span>
     <span class='ocr_line' id='line_1_29' title="bbox 154 3360 1501 3430; baseline -0.001 -15"><span class='ocrx_word' id='word_1_219' title='bbox 154 3362 434 3415; x_wconf 85' lang='lat' dir='ltr'><strong>Generum</strong></span> <span class='ocrx_word' id='word_1_220' title='bbox 460 3362 672 3430; x_wconf 79' lang='lat' dir='ltr'><strong>placere</strong></span> <span class='ocrx_word' id='word_1_221' title='bbox 695 3380 710 3425; x_wconf 82' lang='lat'>3</span> <span class='ocrx_word' id='word_1_222' title='bbox 737 3364 1012 3429; x_wconf 88' lang='lat' dir='ltr'><strong>postremo</strong></span> <span class='ocrx_word' id='word_1_223' title='bbox 1041 3360 1225 3428; x_wconf 83' lang='lat' dir='ltr'><strong>etiam,</strong></span> <span class='ocrx_word' id='word_1_224' title='bbox 1258 3361 1305 3413; x_wconf 86' lang='lat' dir='ltr'><strong>si</strong></span> <span class='ocrx_word' id='word_1_225' title='bbox 1329 3361 1501 3429; x_wconf 89' lang='lat' dir='ltr'><strong>uoles,</strong></span> 
     </span>
     <span class='ocr_line' id='line_1_30' title="bbox 153 3464 2127 3535; baseline 0.001 -13"><span class='ocrx_word' id='word_1_226' title='bbox 153 3468 493 3535; x_wconf 80' lang='lat' dir='ltr'><strong>Desponsam</strong></span> <span class='ocrx_word' id='word_1_227' title='bbox 521 3483 739 3535; x_wconf 89' lang='lat' dir='ltr'><strong>quoque</strong></span> <span class='ocrx_word' id='word_1_228' title='bbox 767 3482 882 3518; x_wconf 88' lang='lat' dir='ltr'><strong>esse</strong></span> <span class='ocrx_word' id='word_1_229' title='bbox 909 3464 1092 3519; x_wconf 82' lang='lat' dir='ltr'><strong>dicito,</strong></span> <span class='ocrx_word' id='word_1_230' title='bbox 1183 3464 1297 3519; x_wconf 74' lang='grc' dir='ltr'><strong>ΜΕ.</strong></span> <span class='ocrx_word' id='word_1_231' title='bbox 1346 3465 1471 3531; x_wconf 87' lang='lat' dir='ltr'><strong>Em,</strong></span> <span class='ocrx_word' id='word_1_232' title='bbox 1503 3466 1648 3519; x_wconf 84' lang='lat' dir='ltr'><strong>istuc</strong></span> <span class='ocrx_word' id='word_1_233' title='bbox 1673 3467 1970 3524; x_wconf 77' lang='lat' dir='ltr'><strong>nolueram.</strong></span> <span class='ocrx_word' id='word_1_234' title='bbox 2085 3467 2127 3500; x_wconf 82' lang='lat'><strong>²⁵</strong></span> 
     </span>
     <span class='ocr_line' id='line_1_31' title="bbox 233 3567 1803 3641; baseline -0.002 -15"><span class='ocrx_word' id='word_1_235' title='bbox 233 3570 337 3627; x_wconf 79' lang='lat' dir='ltr'><strong>Cn.</strong></span> <span class='ocrx_word' id='word_1_236' title='bbox 383 3570 560 3625; x_wconf 83' lang='lat' dir='ltr'><strong>Tanto</strong></span> <span class='ocrx_word' id='word_1_237' title='bbox 586 3569 736 3623; x_wconf 83' lang='lat' dir='ltr'><strong>ocius</strong></span> <span class='ocrx_word' id='word_1_238' title='bbox 761 3573 820 3622; x_wconf 89' lang='lat' dir='ltr'><strong>te</strong></span> <span class='ocrx_word' id='word_1_239' title='bbox 844 3576 912 3623; x_wconf 91' lang='lat' dir='ltr'><strong>ut</strong></span> <span class='ocrx_word' id='word_1_240' title='bbox 937 3573 1140 3639; x_wconf 85' lang='lat' dir='ltr'><strong>poscat,</strong></span> <span class='ocrx_word' id='word_1_241' title='bbox 1175 3573 1233 3622; x_wconf 89' lang='lat' dir='ltr'><strong>et</strong></span> <span class='ocrx_word' id='word_1_242' title='bbox 1258 3571 1343 3636; x_wconf 81' lang='lat' dir='ltr'><strong>tu,</strong></span> <span class='ocrx_word' id='word_1_243' title='bbox 1373 3567 1433 3622; x_wconf 74' lang='lat' dir='ltr'><strong>id</strong></span> <span class='ocrx_word' id='word_1_244' title='bbox 1460 3570 1610 3639; x_wconf 86' lang='lat' dir='ltr'><strong>quod</strong></span> <span class='ocrx_word' id='word_1_245' title='bbox 1637 3570 1803 3641; x_wconf 83' lang='lat' dir='ltr'><strong>cupis,</strong></span> 
     </span>
    </p>
   </div>
  </div>
 </body>
</html>
