2342 3992
791 185 1551 231 HEAVTONTIMORVMENOS.
2032 173 2151 231 129

179 339 239 394 Si
263 339 502 409 puellam
527 356 788 408 parerem,
821 339 967 398 nolle
992 338 1156 392 tolli?
1235 337 1338 392 ΟΒ.
1386 337 1507 392 Scio
1535 336 1670 407 quid
1696 338 1887 392 feceris
1911 359 1923 394 :

181 443 480 498 sustulisti.
591 443 682 498 ΞΥ.
733 443 821 496 Sic
867 447 952 496 est
993 443 1225 512 factum,
1282 443 1525 512 domina,
1586 459 1715 512 ergo
1768 461 1893 496 erus
1946 444 2149 499 damno

419 551 613 601 auctus
639 552 737 602 est.
2109 546 2150 578 ¹³

259 653 348 707 Sc.
399 653 651 706 Minume
679 671 693 708 ε
734 653 830 706 sed
857 656 973 707 erat
998 653 1089 706 hic
1117 652 1404 706 Corinthia
1449 670 1589 706 anus
1627 652 1779 706 haud
1804 653 2023 723 impura
2046 672 2059 708 ε
2102 655 2153 708 ei

418 759 547 812 dedi

178 863 591 933 Exponendam.
680 862 782 918 Gn.
831 863 878 916 O
926 862 1197 933 Iuppiter,
1244 866 1529 916 tantamne
1572 880 1688 916 esse
1741 863 1800 916 in
1847 863 2032 917 animo
2070 864 2152 919 in-

417 968 630 1021 scitiam
656 970 668 1022 Ξ

256 1073 347 1128 So,
396 1073 584 1128 Perii:
627 1072 763 1142 quid
802 1091 902 1140 ego
942 1072 1087 1126 feci?
1166 1072 1270 1128 GH.
1318 1072 1591 1140 Rogitas?
1668 1071 1758 1126 Sc.
1778 1061 1783 1066 ’
1806 1071 1865 1126 Si
1902 1072 2143 1142 peccaui,

415 1177 494 1230 mi
521 1177 767 1244 Chreme,

179 1283 425 1335 Insciens
451 1282 568 1335 feci.
660 1281 760 1336 On.
811 1280 880 1333 Id
908 1281 1163 1350 equidem
1191 1299 1309 1351 eg0,
1340 1281 1388 1336 si
1411 1286 1478 1336 tu
1486 1281 1687 1351 meges,
1718 1287 1867 1336 certo
1892 1284 2017 1351 scic,

176 1387 252 1439 Te
279 1385 602 1439 inscientem
627 1389 795 1454 atque
821 1385 1214 1454 inprudentem
1241 1386 1419 1439 dicere
1446 1403 1511 1439 ac
1536 1387 1713 1440 facere
1739 1385 1922 1440 omnia
1946 1406 1959 1450 ;
2113 1385 2153 1416 ²⁰

175 1489 283 1543 Tot
309 1495 530 1559 peccata
553 1489 613 1542 in
640 1489 742 1543 hac
767 1507 826 1542 re
853 1489 1113 1544 ostendis.
1201 1507 1333 1543 nam
1358 1490 1469 1543 iam
1495 1491 1749 1559 primum,
1784 1491 1830 1544 si
1855 1508 2039 1544 meum

176 1595 460 1664 Inperium
487 1595 686 1664 exequi
713 1594 995 1663 uoluisses»,
1025 1595 1415 1664 interemptam
1442 1595 1703 1664 oportuit,

177 1702 310 1754 Non
335 1699 591 1753 simulare
617 1703 850 1753 mortem
875 1699 1076 1767 uerbiS,
1107 1717 1166 1752 re
1193 1699 1311 1767 ipsa
1337 1716 1488 1768 spem
1513 1700 1648 1752 uitae
1675 1698 1819 1754 dare.

176 1806 255 1857 At
279 1804 339 1857 id
365 1804 564 1857 omitto
588 1821 602 1859 :
642 1802 1031 1870 misericordia,
1066 1802 1284 1855 animus
1312 1808 1597 1856 maternus
1620 1821 1634 1858 ε
1675 1803 1809 1856 sino.

177 1909 358 1972 Quam
383 1908 522 1960 bene
549 1925 682 1961 uero
709 1908 816 1960 abs·
833 1912 891 1961 te
918 1897 1321 1977 prospectumst
1348 1910 1362 1962 Ξ
1406 1907 1542 1977 quid
1568 1908 1814 1976 uoluisti,
1846 1907 2025 1976 cogita
2051 1928 2063 1962 ε
2105 1907 2147 1938 ‘²⁵

176 2013 393 2082 Nempe
419 2013 552 2066 anui
577 2012 661 2066 illi
685 2012 904 2081 prodita
929 2012 1025 2066 abs
1051 2017 1108 2066 te
1134 2001 1301 2066 filie-st
1326 2013 1674 2081 planissume,

174 2119 284 2171 Per
308 2121 368 2172 te
393 2117 486 2171 uel
511 2116 598 2170 uti
624 2120 898 2186 quaestum
923 2117 1128 2170 faceret
1152 2117 1245 2170 uel
1271 2117 1356 2171 uti
1383 2116 1599 2170 ueniret
1624 2118 1821 2185 palam.

178 2221 373 2290 Cred0,
403 2223 463 2276 id
490 2222 742 2290 cogitasti
765 2241 776 2276 :
825 2225 842 2252 ‘
861 2221 1083 2290 quiduis
1111 2220 1245 2275 satis
1272 2225 1375 2289 est,
1407 2221 1542 2274 dum
1569 2221 1727 2275 uiuat
1753 2223 1955 2277 modo)

179 2327 327 2392 Quid
356 2344 482 2380 cum
507 2326 616 2379 illis
643 2343 790 2395 agae,
822 2326 918 2394 qui
944 2343 1126 2395 neque
1166 2325 1255 2378 ius
1294 2342 1475 2394 neque
1502 2325 1710 2379 bonum
1736 2330 1903 2396 atque
1930 2345 2142 2397 aequom

409 2431 592 2484 sciunt
615 2431 634 2484 2
1018 2480 1020 2482 ,
1516 2489 1529 2502 ι

176 2535 382 2590 Melius
409 2535 581 2604 peius,
612 2534 804 2604 prosit,
835 2533 997 2602 obsit,
1029 2533 1110 2586 nil
1135 2533 1334 2587 uident
1358 2533 1467 2587 nisi
1492 2534 1643 2602 quod
1663 2534 1835 2589 lubet.
2104 2535 2147 2565 ³¹⁸

251 2641 341 2695 So,
389 2640 477 2692 Mi
529 2638 773 2706 Chreme,
835 2637 1074 2707 peccaui,
1131 2638 1346 2692 fateor:
1416 2637 1621 2692 uincor.
1708 2653 1858 2692 nunc
1925 2639 2029 2692 hoc
2087 2644 2145 2692 te

409 2744 649 2810 obsecrO,

101 2866 122 2892 κ
175 2833 410 2912 Quando
436 2851 569 2901 tuus
595 2851 681 2900 est
706 2845 923 2900 animus
949 2850 1088 2899 natu
1114 2845 1353 2914 grauior,
1384 2845 1765 2915 ignoscentior,

171 2953 252 3006 Vt
277 2969 416 3006 meae
443 2953 696 3005 stultitiae
722 2952 782 3005 in
807 2951 1026 3004 iustitia
1047 2955 1148 3004 tua
1167 2951 1241 3004 sit
1268 2950 1479 3020 aliquid
1504 2951 1735 3020 praesidi.

251 3056 358 3111 Cn.
403 3056 621 3110 Scilicet
697 3054 956 3124 equidem
1032 3055 1177 3108 istuc
1244 3055 1453 3108 factum
1526 3054 1803 3125 ignoscam
1831 3073 1845 3109 τ
1926 3073 2139 3125 uerum,

409 3160 673 3227 Sostrata,

168 3265 321 3320 Male
348 3265 509 3318 docet
534 3268 594 3318 te
621 3281 746 3317 mea
772 3264 1008 3318 facilitas
1032 3265 1224 3319 multa.
1312 3264 1411 3317 sed
1436 3263 1579 3317 istuc
1607 3264 1877 3334 quidquid
1904 3271 2006 3334 est,
2098 3265 2140 3296 ³⁵

170 3369 297 3434 Qua
321 3369 425 3422 hoc
451 3372 791 3437 occeptumst
836 3385 1012 3436 causa,
1045 3368 1285 3438 loquere.
1379 3368 1467 3422 So.
1517 3369 1600 3422 Vt
1626 3369 1813 3422 stultoe
1861 3375 1918 3423 et
1945 3371 2138 3424 misere

403 3492 591 3528 omnes
614 3491 801 3527 sumus

163 3580 474 3648 Religiosae,
509 3595 674 3648 quom
704 3577 1077 3647 exponendam
1107 3579 1179 3630 do
1206 3578 1305 3646 illi,
1338 3579 1405 3631 de
1433 3579 1606 3647 digito
1634 3581 1877 3634 anulum.

1853 3694 1883 3726 o
1919 3683 1946 3728 3
