2342 3992
282 155 396 212 120
878 171 1632 215 nnAvroNTmonvusNOS.

272 319 435 373 Meus
460 321 655 374 uenit?
733 321 833 375 Cn.
884 321 1031 376 Dixi.
1119 323 1234 376 Mu.
1283 323 1489 376 Eamus
1516 343 1529 378 :
1570 325 1678 377 duc
1716 341 1804 376 me
1843 324 1916 376 ad
1955 341 2108 390 eum,
2150 324 2224 377 ob-

508 441 670 478 secto.

350 528 452 582 011.
501 529 635 583 Non
662 531 783 584 uolt
808 534 867 584 te
892 532 1028 584 scire
1054 549 1111 584 se
1136 533 1341 585 redisse
1366 532 1553 601 etiam,
1584 537 1640 587 et
1665 537 1823 587 tuom

270 632 635 701 Conspectum
658 635 863 703 fugitat
886 640 1111 705 propter
1132 642 1414 705 peccatum
1444 657 1460 702 3
1486 638 1590 691 hoc
1615 639 1796 706 timet,
2195 636 2229 668 ²⁵

270 736 359 790 Ne
386 741 485 790 tua
512 737 717 790 duritia
742 739 971 808 antiqua
994 739 1091 792 illa
1116 741 1285 792 etiam
1309 741 1546 794 adaucta
1570 742 1658 795 sit.

348 841 462 894 MR.
509 842 646 895 Non
682 845 750 895 tu
788 844 840 896 ei
877 842 1071 896 dixisti
1100 848 1165 897 ut
1193 862 1365 898 essem
1387 845 1408 897 2
1485 845 1588 900 ΟΕ.
1636 846 1784 900 Non.
1873 847 1986 900 ΜΕ.
2042 848 2228 911 Quam-

505 947 711 1014 obrem,
744 947 1012 1001 Chreme?

347 1050 449 1104 011.
498 1051 642 1116 Quia
666 1069 917 1120 pessume
942 1053 1087 1106 istuc
1112 1053 1174 1106 in
1199 1057 1256 1106 te
1283 1057 1450 1122 atque
1476 1053 1538 1107 in
1562 1053 1722 1107 illum
1749 1056 2008 1122 consulis,

266 1154 328 1208 Si
352 1159 409 1208 te
434 1159 551 1208 tam
576 1157 692 1210 leni
716 1162 776 1210 et
800 1158 951 1211 uicto
976 1176 1091 1211 esse
1116 1159 1303 1212 animo
1329 1159 1645 1213 ostenderis

348 1257 461 1311 Mn.
510 1259 642 1312 Non
667 1277 891 1329 possum
914 1281 927 1316 ε
954 1263 1088 1316 satis
1102 1263 1234 1331 iam,
1253 1263 1387 1315 satis
1401 1267 1559 1332 pater
1578 1262 1750 1316 durus
1765 1264 1864 1318 fui.
1916 1264 2016 1319 Cn.
2055 1263 2158 1327 Ah,
2191 1260 2226 1290 ³⁰

266 1360 579 1416 Vehemens
603 1365 663 1416 in
688 1369 979 1434 utramque
1005 1369 1233 1433 partem,
1268 1366 1613 1435 Menedemo,
1645 1384 1704 1420 es
1729 1367 1914 1436 nimis,

266 1467 385 1519 Aut
408 1467 662 1535 largitate
686 1469 857 1522 nimia
879 1474 979 1523 aut
1004 1471 1344 1539 parsimonia.

270 1570 338 1623 In
364 1571 594 1624 eandem
618 1572 869 1626 fraudem
895 1591 965 1626 ex
988 1573 1091 1627 hac
1114 1591 1175 1626 re
1201 1577 1369 1643 atque
1395 1592 1463 1627 ex
1489 1574 1586 1628 illa
1611 1574 1833 1628 incides.

266 1674 517 1727 Primum
542 1695 557 1741 3
585 1677 717 1730 olim
742 1677 926 1745 potius
953 1695 1119 1746 quam
1143 1681 1389 1746 paterere
1415 1678 1591 1731 filium

268 1779 605 1835 Commetare
628 1781 701 1834 ad
725 1781 1120 1849 mulierculam,
1152 1799 1279 1851 quoe
1303 1782 1529 1850 paululo
2185 1774 2223 1806 ‘¹⁸

265 1887 407 1940 Tum
433 1892 551 1942 erat
576 1890 835 1941 contenta
860 1887 1098 1955 quoique
1126 1891 1282 1940 erant
1306 1891 1462 1955 grata
1486 1885 1684 1953 omnia,

266 1992 621 2046 Proterruisti
645 1991 788 2045 hinc.
824 2008 890 2043 ea
914 1993 1099 2043 coacta
1123 1989 1373 2058 ingratiis
1421 2001 1430 2007 ’

266 2097 496 2150 Postilla
520 2096 698 2164 coepit
722 2096 937 2147 uictum
960 2093 1125 2161 uolgo
1153 2110 1409 2162 quaerere.

265 2202 435 2255 Nunc
460 2217 629 2270 quom
654 2201 771 2254 sine
796 2215 994 2266 magno
1019 2197 1426 2251 intertrimento
1452 2214 1565 2250 non
1590 2199 1774 2264 potest

264 2304 491 2372 Haberi‚
522 2304 743 2372 quiduis
768 2303 897 2356 dare
924 2300 1089 2369 cupis.
1124 2317 1254 2354 nam
1279 2303 1344 2352 ut
1371 2303 1437 2352 tu
1464 2299 1617 2368 scias,

266 2407 445 2472 Quam
470 2423 535 2459 ea
559 2424 707 2460 nunc
732 2406 1003 2458 instructa
1026 2404 1255 2472 pulchre
1280 2403 1352 2456 ad
1376 2402 1672 2472 perniciem
1699 2402 1822 2471 siet,

263 2513 513 2566 Primum
538 2512 649 2564 iam
674 2512 897 2564 ancillas
922 2527 1107 2564 secum
1131 2508 1366 2562 adduxit
1392 2508 1518 2577 plus
1544 2508 1748 2575 decem,

264 2617 529 2671 Oneratas
555 2619 708 2668 ueste
734 2618 901 2683 atque
924 2631 1058 2666 auro
1082 2632 1094 2667 :
1121 2617 1362 2680 satrapes
1389 2611 1437 2664 si
1462 2612 1566 2664 siet

155 2715 169 2728 ⁸
262 2721 511 2786 Amator,
540 2735 846 2787 numquam
872 2718 1094 2770 sufferre
1121 2715 1238 2769 eius
1265 2718 1517 2783 sumptus
1543 2719 1710 2784 queat
1738 2733 1750 2768 :

266 2824 490 2878 Nedum
514 2827 581 2875 tu
606 2821 791 2890 possis.
878 2820 993 2874 Mn.
1040 2820 1214 2883 Estne
1239 2837 1304 2872 ea
1329 2820 1520 2873 intus?
1598 2819 1700 2873 GH.
1750 2819 1838 2875 Sit
1862 2838 2022 2890 rogas
2044 2821 2064 2874 2

262 2926 420 2980 Sensi
442 2944 454 2979 :
481 2943 611 2980 nam
636 2941 805 2976 unam
830 2922 883 2975 ei
908 2938 1097 2975 cenam
1123 2925 1292 2990 atquo
1319 2922 1435 2975 eius
1462 2922 1753 2975 comitibus

260 3030 405 3085 Dedi
433 3048 445 3083 z
474 3028 625 3097 quod
650 3027 698 3080 si
722 3027 923 3079 iterum
949 3025 1086 3077 mihi
1112 3026 1186 3077 sit
1211 3026 1411 3094 danda,
1443 3030 1628 3079 actum
1656 3026 1773 3080 siet.

259 3134 408 3186 Nam
433 3136 501 3184 ut
527 3131 635 3185 alia
659 3129 931 3196 omittam,
962 3127 1253 3196 pytisando
1279 3130 1443 3183 modo
1470 3129 1606 3182 mihi

260 3237 402 3303 Quid
433 3235 554 3288 uini
577 3231 881 3300 absumpsit
912 3231 1027 3283 ‘sic
1051 3229 1193 3296 hoc,'
1221 3230 1408 3284 dicens
1439 3234 1456 3262 ε
1473 3209 1743 3300 asponm‘,
1815 3245 1826 3262 ·
1877 3297 1924 3353 ρ
1977 3224 2086 3343 ..⁸2¹5
2118 3287 2128 3299 ,

1919 3345 1924 3350 .
1946 3324 1955 3333 ’
2027 3329 2034 3336 ⁶
2111 3318 2124 3341 ἵ
2187 3329 2225 3362 ω

257 3344 443 3408 Pater,
474 3339 577 3392 hoc
599 3339 685 3390 est
709 3354 722 3389 ε
748 3335 897 3388 aliud
924 3333 1102 3387 lenius
1128 3334 1284 3386 sodes
1310 3335 1439 3388 uide
1456 3334 1471 3361 '
1493 3355 1504 3389 :
1697 3313 1804 3402 ,Ξῖ
1877 3363 1890 3376 ›
1904 3371 1927 3380 -
1959 3371 1968 3378 .
2062 3349 2122 3380 vo

1118 3396 1316 3416 Ἀ

257 3444 455 3500 Releui
482 3442 627 3496 dolia
652 3439 853 3506 omnia,
884 3439 1059 3491 omnis
1087 3437 1252 3490 serias
1277 3457 1288 3492 :

258 3548 449 3603 Omnis
476 3543 733 3598 sollicitos
758 3540 927 3593 habui
956 3559 968 3594 :
1008 3544 1176 3608 atque
1201 3540 1319 3593 haec
1345 3558 1454 3592 una
1481 3559 1603 3594 nox.
