2342 3992
1035 143 1296 186 ANDRIA.
1672 211 1681 224 ι
2077 131 2147 191 11

255 293 366 347 DA.
416 293 509 347 Ita
554 294 726 349 aiunt.
843 293 921 348 SI.
971 295 1113 348 Tum
1153 295 1329 364 siquis
1366 295 1692 365 magistrum
1733 298 1881 366 cepit
1918 297 1990 351 ad
2032 316 2153 352 eam

415 415 532 450 rem
557 398 870 467 inprobum,

177 501 370 569 Ipsum
430 501 678 555 animum
735 508 1002 570 aegrotum
1055 503 1129 556 ad
1183 503 1510 557 deteriorem
1563 508 1777 573 partem
1829 505 2153 575 plerumque

417 604 671 674 adplicat.

255 710 376 765 DA.
423 709 482 762 N
485 728 556 763 on
581 711 763 764 hercle
802 711 1114 780 intellego
1169 709 1247 766 81.
1296 710 1356 763 Ν
1357 711 1476 766 on?
1570 713 1733 768 Hem.
1819 714 1928 769 DA.
1977 661 2151 771 Νοιιε

417 813 604 867 Dauos
630 831 769 882 sum,
801 831 918 867 non
947 815 1195 883 OEdipuS.

255 917 342 971 S1.
385 916 600 987 Nempe
647 936 775 988 ergo
821 923 1008 987 aperte
1052 918 1160 986 uis,
1205 936 1332 988 quae
1370 923 1583 973 restant
1621 938 1710 975 me
1757 922 1957 991 loqui?
2033 924 2142 978 DA.

418 1023 558 1082 Sane
586 1024 825 1092 quidem.
1014 1003 1022 1016 ⁰

258 1127 336 1180 S1.
387 1127 448 1180 Si
473 1145 688 1182 sensero
714 1128 878 1181 hodie
906 1127 1201 1197 quicquam
1226 1127 1287 1180 in
1312 1127 1400 1181 his
1426 1133 1483 1182 te
1508 1129 1720 1199 nuptiis
2106 1129 2148 1160 ²⁵

173 1230 433 1284 Fallaciae
461 1232 663 1299 conari,
696 1249 806 1300 quo
833 1232 970 1284 fiant
995 1231 1199 1299 minus,

175 1337 298 1387 Aut
324 1335 468 1388 uelle
495 1335 554 1388 in
581 1353 646 1388 ea.
670 1352 730 1388 re
754 1335 993 1403 ostendi,
1025 1351 1194 1403 quam
1220 1335 1293 1388 sis
1320 1336 1567 1406 callidus,

175 1438 514 1492 Verberibus
562 1457 765 1493 caesum
807 1444 867 1493 te
915 1439 974 1492 in
1017 1439 1333 1508 pistrinum,
1379 1440 1555 1510 Daue,
1605 1442 1806 1496 dedam
1849 1459 2024 1511 usque
2076 1442 2148 1496 ad

414 1562 621 1615 necem,

171 1649 260 1704 Ea
305 1651 426 1719 lege
472 1656 640 1720 atque
688 1650 891 1722 omine,
942 1657 1026 1720 ut,
1075 1655 1123 1708 si
1169 1658 1229 1708 te
1270 1655 1402 1709 inde
1446 1653 1756 1722 exemerim,
1800 1669 1902 1721 ego
1947 1669 2047 1721 pro
2088 1656 2147 1706 te

414 1756 632 1811 molam.

175 1857 341 1927 Quid,
389 1860 493 1913 hoc
528 1860 844 1914 intellextin
868 1861 889 1914 2
993 1863 1086 1916 An
1124 1881 1239 1917 non
1270 1864 1408 1917 dum
1433 1863 1601 1916 etiam
1640 1880 1710 1914 ne
1736 1861 1840 1916 hoc
1879 1860 2147 1929 quidem?

414 1962 522 2017 DA.
570 1963 749 2019 Immo
777 1966 970 2020 callide
999 1986 1012 2022 ε
2100 1962 2146 1993 ⁸⁰

173 2066 483 2136 Ita·aperte
510 2068 686 2137 ipsam
709 2055 828 2123 rem
853 2072 1018 2125 modo
1031 2072 1283 2142 locutus,
1313 2072 1397 2126 nil
1424 2070 1803 2125 circumitione
1830 2086 1965 2124 usus
1991 2088 2061 2124 es.
2122 2058 2128 2062 ⁴

256 2170 333 2224 S1.
382 2171 582 2225 Vbiuis
607 2173 822 2228 facilius
847 2193 1038 2244 passus
1064 2178 1168 2230 sim
1196 2193 1366 2246 quam·
1390 2178 1449 2230 in
1476 2177 1581 2229 hac
1607 2193 1666 2229 re
1692 2187 1780 2228 me
1806 2174 2067 2228 deludier.

253 2275 361 2329 DA„
419 2273 588 2330 ‘Bona
632 2279 817 2346 verba,
869 2297 1070 2348 quaeso,
1190 2281 1266 2335 SI.
1322 2280 1539 2333 Inrides
1566 2280 1587 2334 2
1691 2278 1794 2331 Nil
1832 2296 1920 2331 me
1973 2279 2131 2332 fallis.

411 2381 582 2434 Edico
608 2382 728 2450 tibi,
834 2355 851 2362 ⁶
1267 2377 1274 2384 ·

167 2484 262 2538 Ne
295 2489 503 2538 temere
547 2487 713 2541 facias
740 2507 753 2542 z
793 2506 974 2557 neque
1021 2494 1087 2542 tu
1127 2490 1280 2544 haud
1328 2490 1474 2543 dices
1520 2489 1625 2542 tibi
1651 2506 1761 2542 non
1791 2489 2130 2558 praedictum.

410 2590 572 2646 Oaue.

721 2759 912 2770 ——.

854 2955 1008 3011 Ac'r.
1054 2955 1099 3010 1.
1108 2956 1353 3034 —sqm
1404 2960 1456 3012 3.

243 3098 352 3152 DA.
401 3097 567 3152 Enim
593 3116 744 3167 uei-0,
774 3099 952 3169 Daue,
983 3102 1066 3154 nil
1092 3102 1255 3155 locist
1282 3102 1533 3171 segnitiae
1560 3119 1741 3171 neque
1766 3099 2047 3169 socordiae,

163 3203 450 3266 Quantum
478 3203 728 3256 intellexi
753 3204 918 3257 modo
945 3204 1088 3258 senis
1115 3183 1445 3258 sententiam
1472 3205 1541 3259 de
1567 3205 1777 3273 nuptiis
1806 3224 1819 3262 :

166 3307 305 3370 Quae
333 3307 383 3359 si
406 3324 520 3359 non
545 3311 672 3360 astu
698 3307 1082 3376 prouidentur,
1109 3327 1200 3361 me
1226 3313 1327 3362 aut
1353 3325 1508 3362 erum
1534 3325 1753 3376 pessum
1780 3309 2005 3364 dabunt.

163 3411 224 3465 Ν
223 3430 284 3466 ec
313 3412 448 3480 quid
475 3429 632 3480 agam
660 3416 924 3466 certumst
954 3432 967 3466 :
1009 3414 1437 3482 Pamphilumne
1464 3413 1708 3468 adiutem
1733 3432 1801 3468 an
1831 3415 2134 3468 auscultem

403 3533 533 3569 sem.
