2342 3992
227 148 309 206 32
1073 166 1328 210 Annuu-

787 721 1076 785 ACTVS
1130 717 1540 786 IV.—Scnn.
1572 727 1632 788 Ι.

1101 867 1321 931 ἦ...

698 1015 998 1064 unamve.
1086 1015 1423 1090 lum-’mmm
1512 1019 1705 1060 nnus.

301 1131 402 1185 GH.
451 1129 666 1184 Hocine
693 1131 947 1183 credibile
975 1134 1073 1183 aut
1090 1131 1469 1198 memorabile,

219 1236 398 1289 Tanta
421 1234 677 1288 uecordia
701 1234 896 1287 innata
922 1235 1223 1303 quoiquam
1250 1239 1316 1288 ut
1343 1235 1466 1302 siet,

219 1339 302 1393 Vt
328 1339 486 1392 malis
513 1338 790 1407 gaudeant
815 1342 984 1406 atque
1012 1355 1080 1390 ex
1109 1337 1470 1393 incommodis

228 1443 466 1500 Alterius
491 1460 590 1495 sua
615 1445 682 1496 ut
709 1445 1022 1510 comparent
1049 1443 1333 1496 commoda
1356 1443 1376 1496 ἵ
1454 1443 1547 1496 Ah

231 1547 416 1603 [duest
440 1546 674 1600 uerum?
752 1546 933 1600 Immo
959 1547 1019 1599 id
1045 1546 1384 1600 hominumst
1410 1565 1582 1617 genus
1607 1566 1923 1618 pessumum
1947 1550 2009 1604 in
2170 1550 2197 1584 ⁸

226 1651 567 1720 Denegando
581 1651 745 1704 modo
773 1650 897 1719 quis
921 1651 1100 1719 pudor
1125 1650 1353 1719 paulum
1380 1651 1536 1706 adest
1564 1671 1577 1708 ε

224 1757 358 1810 Post
382 1755 482 1808 ubi
506 1758 753 1824 tempust
779 1753 1042 1822 promissa
1065 1753 1177 1806 iam
1202 1755 1405 1823 perfici,

224 1859 363 1912 Tum
390 1858 563 1913 eoacti
587 1858 887 1912 necessario
915 1875 971 1910 se
997 1858 1251 1926 aperiunt
1276 1877 1289 1912 t

221 1965 296 2019 Et
322 1966 542 2033 timent,
573 1968 630 2018 et
655 1968 843 2018 tamen
868 1982 954 2018 res
981 1965 1127 2034 cogit
1153 1965 1420 2034 denegare
1446 1985 1459 2020 ε

219 2071 309 2124 Ibi
333 2073 457 2124 tum
483 2087 672 2122 eorum
696 2069 1172 2137 inpudentissuma
1199 2070 1427 2123 oratiost
2152 2070 2201 2106 ³⁵

224 2176 242 2204 ‘
265 2173 400 2237 Quis
426 2178 492 2227 tu
518 2172 616 2226 es?
696 2172 830 2236 Quis
855 2172 994 2224 mihi
1019 2173 1116 2226 es?
1196 2175 1347 2240 Quor
1373 2191 1552 2228 meam
1578 2174 1683 2228 tibi
1705 2175 1726 2228 Ἰ

221 2277 396 2344 Beue,
429 2293 730 2356 proxumue
757 2294 880 2330 sum
906 2280 1119 2345 egomet
1145 2277 1323 2332 mihi!
1400 2267 1666 2332 Attamen
1697 2280 1715 2308 ‘
1734 2279 1831 2331 ubi
1856 2279 1991 2332 fides
2011 2279 2026 2306 '

221 2379 280 2434 Si
304 2399 478 2450 rogae,
508 2381 591 2434 nil
615 2382 789 2450 pudet
816 2401 827 2436 :
869 2381 959 2434 hie
985 2381 1084 2434 ubi
1111 2399 1253 2450 opus
1280 2385 1365 2435 est

220 2479 353 2542 Non
381 2490 640 2541 verentur
668 2505 680 2540 :
721 2485 834 2539 iilic
859 2485 958 2539 ubi
983 2486 1064 2538 nil
1091 2489 1268 2554 opust,
1302 2486 1381 2538 ibi
1407 2490 1682 2541 uerentur.

222 2593 330 2649 Sed
357 2592 492 2661 quid
539 2590 739 2660 agam?
816 2591 1098 2644 Adeamne
1125 2589 1197 2643 ad
1237 2607 1364 2643 eum
1404 2593 1461 2642 et
1497 2608 1620 2644 eum
1648 2607 1713 2644 eo
1752 2589 2009 2644 iniuriam
2046 2591 2191 2646 hanc

458 2695 801 2765 expostulem
832 2695 852 2748 2
1221 2705 1224 2710 ’
2152 2694 2189 2725 ¹⁵

221 2803 474 2871 Ingeram
499 2800 644 2854 mala
668 2800 845 2853 multa
870 2799 890 2852 ἵ
967 2797 1144 2866 Atqui
1171 2797 1371 2865 aliquis
1398 2795 1547 2850 dieat
1578 2799 1595 2828 ‘
1616 2798 1697 2876 nil
1721 2798 2058 2866 promoueris
2071 2798 2088 2826 ²
2122 2819 2135 2852 :

221 2908 472 2961 Multum
499 2925 512 2962 ε
553 2902 816 2958 molestus
843 2906 988 2956 certe
1016 2901 1066 2954 ei
1091 2902 1249 2954 fuero
1276 2877 1441 2968 atque
1469 2901 1652 2954 animo
1678 2919 1885 2956 morem
1910 2912 2142 2971 gessero,

297 3011 399 3066 ΡΑ.
447 3009 698 3075 Charine,
731 3010 788 3059 et
814 3023 902 3058 me
929 3008 986 3058 et
1011 3008 1067 3057 te
1093 3005 1413 3074 inpmdens‚
1451 3005 1561 3059 nisi
1588 3005 1724 3075 quid
1766 3006 1827 3059 di
1864 3006 2180 3076 respiciunt,

454 3112 682 3182 perdidi.

298 3219 398 3273 011.
448 3218 608 3270 Itane
640 3218 656 3245 ‘
678 3213 979 3283 inprudens
997 3213 1012 3240 '
1037 3213 1056 3267 2
1109 3213 1355 3268 Tandem
1381 3213 1666 3268 inuentast
1694 3231 1867 3267 causa.
1960 3213 2189 3268 Soluisti

454 3321 632 3375 fidem.
692 3339 696 3344 ·

300 3427 399 3480 ΡΑ.
450 3424 597 3488 Quid
628 3425 644 3453 ‘
669 3422 896 3476 tandem
915 3421 932 3448 '
953 3421 973 3475 ‘l
1055 3421 1154 3474 011.
1204 3419 1388 3474 Etiam
1414 3439 1562 3475 nune
1587 3439 1677 3475 me
1702 3421 1901 3475 ducere
1928 3422 2050 3476 istis
2074 3422 2185 3476 die-

457 3528 531 3581 tis
555 3526 800 3596 postulas
824 3525 846 3578 ’ἱ
1308 3546 1312 3553 ·
2145 3523 2188 3555 '‘¹‘'
