2342 3992
244 166 361 221 122
844 177 1599 222 HnAvrommonmnNOS.

316 327 418 381 Cn.
465 327 698 379 Paratus
725 344 863 382 sum.
951 327 1066 381 ΜΒ..
1117 327 1247 381 Scin
1273 326 1409 396 quid
1436 344 1585 380 nunc
1612 327 1789 381 facere
1814 331 1872 382 te
1898 329 2073 382 uolo?
2177 329 2217 358 ⁸⁵

316 430 417 485 011.
465 431 583 485 Dic.
671 431 787 486 ΜΕ.
839 431 999 495 Quod
1026 431 1245 485 sensisti
1268 431 1393 485 illos
1418 449 1507 485 me
1531 431 1769 501 incipere
1794 433 2003 492 fallere.

234 537 304 590 Id
330 540 396 589 ut
422 539 703 589 maturent
729 535 904 588 facere
933 554 947 591 ε
989 536 1149 604 cupio
1176 535 1261 588 illi
1288 535 1418 589 dare

238 639 399 704 Quod
424 639 568 708 uolt,
599 638 759 707 cupio
784 638 966 706 ipsum
990 640 1102 693 iam
1127 640 1331 697 uidere.
1418 639 1520 696 CH.
1568 639 1802 710 Operam
1826 641 1984 695 dabo·

233 745 470 798 Paulum
496 743 683 812 negoti
707 743 786 796 mi
811 744 992 797 obstat
1022 762 1034 799 z
1077 743 1260 797 Simus
1286 748 1344 797 et
1371 743 1521 798 Crito

232 847 418 902 Vicini
443 846 618 901 nostri
641 847 733 900 hic
758 847 1046 915 ambigunt
1072 847 1142 901 de
1168 847 1371 900 finibus
1399 866 1414 903 ε
2146 848 2215 910 ,⁸⁰

232 952 329 1006 Me
357 969 544 1022 cepere
570 951 840 1005 arbitrum
864 970 879 1007 ε
918 951 1010 1005 ibo
1037 969 1100 1005 ac
1126 951 1329 1018 dicam,
1361 955 1424 1004 ut
1450 951 1697 1005 dixeram

231 1057 464 1126 Operam
490 1055 753 1119 daturum
778 1073 885 1124 me,
915 1054 1079 1109 hodie
1105 1073 1221 1108 non
1245 1071 1401 1123 posse
1428 1054 1505 1109 eis
1531 1054 1674 1109 dare.

231 1162 508 1216 Continuo
533 1161 623 1214 hic
650 1161 855 1215 adsum.
943 1161 1061 1215 Mn.
1108 1159 1203 1213 Ita.
1228 1176 1430 1228 quaeso.
1518 1159 1578 1213 di
1606 1163 1847 1214 uestram
1874 1161 2039 1215 fidem
2067 1165 2079 1216 !

231 1266 322 1320 Ita
349 1226 722 1335 comparatasm
749 1283 865 1318 esee
891 1265 1181 1318 hominum
1207 1270 1466 1320 naturam
1492 1267 1756 1335 omnium,
1968 1257 1977 1268 ⁸

232 1371 429 1424 Aliena
453 1375 520 1424 ut
545 1371 741 1424 melius
767 1371 996 1424 uideant
1023 1374 1080 1424 et
1108 1371 1413 1425 diiudicent
1479 1440 1483 1442 Π
2164 1373 2209 1404 ⁹⁵

233 1476 411 1541 Quam
438 1494 538 1530 sua
560 1477 580 1530 2
619 1494 692 1530 an
718 1493 784 1530 eo
813 1477 894 1544 fit,
928 1476 1061 1546 quia
1086 1494 1154 1532 re
1171 1477 1234 1530 in
1260 1481 1450 1532 nostra
1476 1482 1574 1531 aut
1599 1479 1802 1548 gaudio

233 1581 432 1634 Sumus
457 1581 747 1649 praepediti
772 1580 945 1635 nimio
971 1585 1071 1634 aut
1095 1582 1425 1650 aegritudine
1448 1583 1469 1636 ’ἒ
1832 1655 1836 1662 .

185 1725 189 1732 .
232 1685 342 1738 Hic
367 1685 506 1738 mihi
532 1703 680 1739 nunc
706 1691 916 1755 quanto
942 1686 1068 1756 plue
1095 1687 1239 1755 sapit
1266 1705 1434 1756 quam
1459 1692 1676 1757 egomet
1702 1688 1837 1740 mihi

313 1789 414 1844 On.
463 1789 705 1842 Dieeolui
730 1807 838 1859 me,
869 1789 1076 1845 otiosus
1103 1807 1322 1858 operam
1348 1794 1413 1843 ut
1439 1789 1545 1843 tibi
1570 1790 1769 1844 darem.

236 1893 405 1962 Syrus
433 1898 516 1947 est
542 1894 894 1963 prendendus
921 1897 1096 1963 atque*
1114 1894 1490 1947 adhortandus
1515 1893 1665 1948 mihi.
2150 1895 2212 1927 ¹⁰⁰

234 1999 286 2052 A
313 2016 403 2052 me
428 1999 609 2052 nescio
636 1998 760 2068 quie
787 1999 904 2052 exit
931 2017 945 2053 ς
987 1998 1224 2052 concede
1251 1998 1381 2052 hinc
1408 1999 1652 2066 domum,

149 2101 295 2232 &RN
295 2120 326 2155 e
351 2106 556 2157 nosmet
580 2103 727 2155 inter
751 2119 852 2155 nos
878 2119 1172 2170 congruere
1200 2101 1458 2156 sentiant.

879 2447 1034 2502 AOT.
1084 2449 1447 2506 111.—Somv.
1499 2453 1547 2503 2.

932 2611 1122 2650 SYRVS.
1213 2611 1488 2651 CHREMES.

316 2729 406 2783 SY.
457 2727 580 2781 Hac
604 2727 731 2781 illac
757 2726 1116 2780 circumcursu.
1144 2745 1156 2780 :
1199 2726 1601 2780 inueniundum
1628 2745 1686 2781 es
1711 2739 1915 2797 tamen,

237 2836 541 2902 Argentum
563 2851 579 2897 3
619 2830 956 2884 intendenda
981 2830 1042 2883 in
1081 2833 1318 2883 senemst
1344 2831 1570 2886 fallacia.

315 2937 416 2992 CH.
465 2937 622 2990 Num
647 2953 735 2988 me
761 2934 959 2988 fefellit
983 2933 1144 2987 hosce
1170 2933 1232 2987 id
1258 2937 1466 2987 struem
1490 2934 1511 2988 Ἰ
1548 2935 1825 3003 uidelicet,

241 3044 382 3112 Quia
410 3042 602 3095 cliniae
627 3041 721 3093 ille
748 3057 934 3093 seruos
959 3038 1374 3106 tardiusculust,
2052 3057 2189 3102 Ns,

234 3145 443 3198 Idcirco
468 3143 599 3197 huic
624 3147 813 3195 nostro
838 3141 1096 3195 traditast
1121 3141 1415 3208 prouincia.
2188 3145 2205 3181 δ

313 3248 402 3301 επ.
454 3247 590 3312 Quis
615 3246 706 3300 hic
725 3245 1019 3316 loquiturv
1057 3229 1207 3313 p'erii.
1298 3263 1562 3299 numnam
1588 3246 1705 3300 haeo
1731 3247 1989 3302 audiuit?
2087 3252 2181 3307 σω

469 3351 618 3420 Syre.
706 3350 800 3406 ΞΥ.
847 3350 1008 3404 Hem.
2327 3333 2328 3385 ¹

312 3457 412 3511 on.
463 3456 609 3521 Quid
641 3463 707 3508 tu
753 3455 877 3508 istic
902 3455 920 3506 2
1009 3454 1102 3512 Sy,
1157 3455 1330 3507 Recte
1374 3453 1643 3522 equidem.
1742 3453 1849 3509 Sed
1905 3460 1963 3510 te
2009 3457 2145 3513 miro

471 3560 716 3624 Chreme,
1610 3555 1615 3560 ’
