<?xml version="1.0" encoding="UTF-8"?>
<!DOCTYPE html PUBLIC "-//W3C//DTD XHTML 1.0 Transitional//EN"
    "http://www.w3.org/TR/xhtml1/DTD/xhtml1-transitional.dtd">
<html xmlns="http://www.w3.org/1999/xhtml" xml:lang="en" lang="en">
 <head>
  <title>
</title>
<meta http-equiv="Content-Type" content="text/html;charset=utf-8" />
  <meta name='ocr-system' content='tesseract 3.04.00' />
  <meta name='ocr-capabilities' content='ocr_page ocr_carea ocr_par ocr_line ocrx_word'/>
</head>
<body>
  <div class='ocr_page' id='page_1' title='image "andriaetheauton00davigoog_0163.png"; bbox 0 0 2342 3992; ppageno 0'>
   <div class='ocr_carea' id='block_1_1' title="bbox 745 155 2107 226">
    <p class='ocr_par' dir='ltr' id='par_1_1' title="bbox 745 155 2107 226">
     <span class='ocr_line' id='line_1_1' title="bbox 745 155 2107 226; baseline -0.007 -2"><span class='ocrx_word' id='word_1_1' title='bbox 745 178 1501 226; x_wconf 68' lang='lat' dir='ltr'><strong>nmvromnonvmnos.</strong></span> <span class='ocrx_word' id='word_1_2' title='bbox 1772 201 1777 210; x_wconf 80' lang='lat'><strong>.</strong></span> <span class='ocrx_word' id='word_1_3' title='bbox 1979 155 2107 216; x_wconf 76' lang='grc'><strong>149</strong></span> 
     </span>
    </p>
   </div>
   <div class='ocr_carea' id='block_1_2' title="bbox 794 457 1425 513">
    <p class='ocr_par' dir='ltr' id='par_1_2' title="bbox 794 457 1425 513">
     <span class='ocr_line' id='line_1_2' title="bbox 794 457 1425 513; baseline 0.003 -2"><span class='ocrx_word' id='word_1_4' title='bbox 794 458 949 512; x_wconf 86' lang='lat' dir='ltr'><strong>ACT.</strong></span> <span class='ocrx_word' id='word_1_5' title='bbox 998 457 1067 513; x_wconf 85' lang='lat' dir='ltr'><strong>V.</strong></span> <span class='ocrx_word' id='word_1_6' title='bbox 1077 457 1320 513; x_wconf 54' lang='lat' dir='ltr'><strong>—Scmm</strong></span> <span class='ocrx_word' id='word_1_7' title='bbox 1372 459 1425 513; x_wconf 84' lang='lat'><strong>5.</strong></span> 
     </span>
    </p>
   </div>
   <div class='ocr_carea' id='block_1_3' title="bbox 388 620 1857 688">
    <p class='ocr_par' dir='ltr' id='par_1_3' title="bbox 388 620 1857 688">
     <span class='ocr_line' id='line_1_3' title="bbox 388 620 1857 688; baseline 0 -30"><span class='ocrx_word' id='word_1_8' title='bbox 388 621 749 659; x_wconf 63' lang='lat' dir='ltr'><strong>MNEDEMVS.</strong></span> <span class='ocrx_word' id='word_1_9' title='bbox 807 659 811 673; x_wconf 50' lang='grc' dir='ltr'>Ι</span> <span class='ocrx_word' id='word_1_10' title='bbox 837 621 1112 659; x_wconf 75' lang='lat' dir='ltr'>CHREMES.</span> <span class='ocrx_word' id='word_1_11' title='bbox 1203 620 1493 659; x_wconf 68' lang='lat' dir='ltr'><strong>sosmrA.</strong></span> <span class='ocrx_word' id='word_1_12' title='bbox 1582 620 1857 688; x_wconf 45' lang='lat' dir='ltr'><strong>cLI&#39;HPHo,</strong></span> 
     </span>
    </p>
   </div>
   <div class='ocr_carea' id='block_1_4' title="bbox 207 735 2104 803">
    <p class='ocr_par' dir='ltr' id='par_1_4' title="bbox 207 735 2104 803">
     <span class='ocr_line' id='line_1_4' title="bbox 207 735 2104 803; baseline 0 -13"><span class='ocrx_word' id='word_1_13' title='bbox 207 737 326 790; x_wconf 73' lang='grc' dir='ltr'><strong>ΜΕ.</strong></span> <span class='ocrx_word' id='word_1_14' title='bbox 361 736 658 790; x_wconf 84' lang='lat' dir='ltr'><strong>Enimuero</strong></span> <span class='ocrx_word' id='word_1_15' title='bbox 678 735 933 789; x_wconf 80' lang='lat' dir='ltr'><strong>Chremes</strong></span> <span class='ocrx_word' id='word_1_16' title='bbox 952 736 1116 788; x_wconf 86' lang='lat' dir='ltr'><strong>nimis</strong></span> <span class='ocrx_word' id='word_1_17' title='bbox 1134 735 1376 803; x_wconf 84' lang='lat' dir='ltr'><strong>grauiter</strong></span> <span class='ocrx_word' id='word_1_18' title='bbox 1394 735 1602 788; x_wconf 84' lang='lat' dir='ltr'><strong>cruciat</strong></span> <span class='ocrx_word' id='word_1_19' title='bbox 1629 735 2104 790; x_wconf 82' lang='lat' dir='ltr'><strong>adulescentulum</strong></span> 
     </span>
    </p>
   </div>
   <div class='ocr_carea' id='block_1_5' title="bbox 0 829 2011 909">
    <p class='ocr_par' dir='ltr' id='par_1_5' title="bbox 0 829 2011 909">
     <span class='ocr_line' id='line_1_5' title="bbox 0 829 2011 909; baseline 0 -15"><span class='ocrx_word' id='word_1_20' title='bbox 0 893 6 904; x_wconf 83' lang='lat'>‚</span> <span class='ocrx_word' id='word_1_21' title='bbox 113 840 426 909; x_wconf 85' lang='lat' dir='ltr'><strong>Nimisque</strong></span> <span class='ocrx_word' id='word_1_22' title='bbox 452 839 748 893; x_wconf 76' lang='lat' dir='ltr'><strong>inhumane</strong></span> <span class='ocrx_word' id='word_1_23' title='bbox 773 858 785 894; x_wconf 90' lang='lat'>:</span> <span class='ocrx_word' id='word_1_24' title='bbox 827 829 964 893; x_wconf 81' lang='lat' dir='ltr'><strong>exeo</strong></span> <span class='ocrx_word' id='word_1_25' title='bbox 989 857 1117 907; x_wconf 87' lang='lat' dir='ltr'><strong>ergo</strong></span> <span class='ocrx_word' id='word_1_26' title='bbox 1143 843 1211 892; x_wconf 88' lang='lat' dir='ltr'><strong>ut</strong></span> <span class='ocrx_word' id='word_1_27' title='bbox 1236 856 1426 908; x_wconf 89' lang='lat' dir='ltr'><strong>pacem</strong></span> <span class='ocrx_word' id='word_1_28' title='bbox 1452 839 1749 893; x_wconf 76' lang='lat' dir='ltr'><strong>conciliem.</strong></span> <span class='ocrx_word' id='word_1_29' title='bbox 1787 844 2011 908; x_wconf 86' lang='lat' dir='ltr'><strong>optume</strong></span> 
     </span>
    </p>
   </div>
   <div class='ocr_carea' id='block_1_6' title="bbox 103 942 2105 3618">
    <p class='ocr_par' dir='ltr' id='par_1_6' title="bbox 103 942 2105 3618">
     <span class='ocr_line' id='line_1_6' title="bbox 111 942 2015 1012; baseline 0.001 -16"><span class='ocrx_word' id='word_1_30' title='bbox 111 944 288 1012; x_wconf 84' lang='lat' dir='ltr'><strong>Ipsos</strong></span> <span class='ocrx_word' id='word_1_31' title='bbox 311 944 492 998; x_wconf 88' lang='lat' dir='ltr'><strong>uideo.</strong></span> <span class='ocrx_word' id='word_1_32' title='bbox 578 944 680 998; x_wconf 76' lang='lat' dir='ltr'><strong>CH.</strong></span> <span class='ocrx_word' id='word_1_33' title='bbox 728 944 922 1011; x_wconf 84' lang='lat' dir='ltr'><strong>Ehem,</strong></span> <span class='ocrx_word' id='word_1_34' title='bbox 953 942 1297 1011; x_wconf 78' lang='lat' dir='ltr'><strong>Menedemo,</strong></span> <span class='ocrx_word' id='word_1_35' title='bbox 1329 960 1468 1012; x_wconf 91' lang='lat' dir='ltr'><strong>quor</strong></span> <span class='ocrx_word' id='word_1_36' title='bbox 1493 960 1607 997; x_wconf 88' lang='lat' dir='ltr'><strong>non</strong></span> <span class='ocrx_word' id='word_1_37' title='bbox 1634 944 1831 997; x_wconf 75' lang='lat' dir='ltr'><strong>arcessi</strong></span> <span class='ocrx_word' id='word_1_38' title='bbox 1858 944 2015 998; x_wconf 80' lang='lat' dir='ltr'><strong>iubes</strong></span> 
     </span>
     <span class='ocr_line' id='line_1_7' title="bbox 113 1017 1934 1117; baseline 0.001 -17"><span class='ocrx_word' id='word_1_39' title='bbox 113 1048 330 1102; x_wconf 81' lang='lat' dir='ltr'><strong>Filiam</strong></span> <span class='ocrx_word' id='word_1_40' title='bbox 359 1053 416 1102; x_wconf 84' lang='lat' dir='ltr'><strong>et</strong></span> <span class='ocrx_word' id='word_1_41' title='bbox 443 1049 591 1117; x_wconf 90' lang='lat' dir='ltr'><strong>quod</strong></span> <span class='ocrx_word' id='word_1_42' title='bbox 618 1017 766 1102; x_wconf 73' lang='lat' dir='ltr'><strong>dotis</strong></span> <span class='ocrx_word' id='word_1_43' title='bbox 793 1047 910 1101; x_wconf 87' lang='lat' dir='ltr'>dixi</span> <span class='ocrx_word' id='word_1_44' title='bbox 937 1047 1118 1100; x_wconf 83' lang='lat' dir='ltr'><strong>firmas</strong></span> <span class='ocrx_word' id='word_1_45' title='bbox 1143 1047 1163 1101; x_wconf 74' lang='lat'><strong><em>2</em></strong></span> <span class='ocrx_word' id='word_1_46' title='bbox 1242 1046 1330 1100; x_wconf 77' lang='lat' dir='ltr'><strong>So·</strong></span> <span class='ocrx_word' id='word_1_47' title='bbox 1378 1046 1465 1098; x_wconf 90' lang='lat' dir='ltr'><strong>Mi</strong></span> <span class='ocrx_word' id='word_1_48' title='bbox 1490 1046 1593 1115; x_wconf 87' lang='lat' dir='ltr'><strong>uir,</strong></span> <span class='ocrx_word' id='word_1_49' title='bbox 1626 1051 1683 1100; x_wconf 83' lang='lat' dir='ltr'><strong>te</strong></span> <span class='ocrx_word' id='word_1_50' title='bbox 1711 1048 1934 1102; x_wconf 83' lang='lat' dir='ltr'><strong>obsecro</strong></span> 
     </span>
     <span class='ocr_line' id='line_1_8' title="bbox 103 1139 2089 1221; baseline 0.001 -16"><span class='ocrx_word' id='word_1_51' title='bbox 103 1139 218 1206; x_wconf 72' lang='lat' dir='ltr'><strong>Ne</strong></span> <span class='ocrx_word' id='word_1_52' title='bbox 245 1154 426 1208; x_wconf 76' lang='lat' dir='ltr'><strong>facias.</strong></span> <span class='ocrx_word' id='word_1_53' title='bbox 502 1150 604 1208; x_wconf 68' lang='lat' dir='ltr'><strong>&#39;Cn</strong></span> <span class='ocrx_word' id='word_1_54' title='bbox 653 1153 838 1221; x_wconf 81' lang='lat' dir='ltr'><strong>Pater,</strong></span> <span class='ocrx_word' id='word_1_55' title='bbox 869 1153 1090 1206; x_wconf 82' lang='lat' dir='ltr'><strong>obsecro</strong></span> <span class='ocrx_word' id='word_1_56' title='bbox 1114 1151 1195 1204; x_wconf 89' lang='lat' dir='ltr'><strong>mi</strong></span> <span class='ocrx_word' id='word_1_57' title='bbox 1218 1152 1480 1220; x_wconf 85' lang='lat' dir='ltr'><strong>ignoscas.</strong></span> <span class='ocrx_word' id='word_1_58' title='bbox 1568 1152 1685 1206; x_wconf 75' lang='lat' dir='ltr'><strong>Mn.</strong></span> <span class='ocrx_word' id='word_1_59' title='bbox 1734 1153 1821 1206; x_wconf 86' lang='lat' dir='ltr'><strong>Da</strong></span> <span class='ocrx_word' id='word_1_60' title='bbox 1847 1154 2089 1220; x_wconf 80' lang='lat' dir='ltr'><strong>ueniam,</strong></span> 
     </span>
     <span class='ocr_line' id='line_1_9' title="bbox 371 1256 2105 1313; baseline 0.001 0"><span class='ocrx_word' id='word_1_61' title='bbox 371 1259 597 1313; x_wconf 84' lang='lat' dir='ltr'><strong>Chreme</strong></span> <span class='ocrx_word' id='word_1_62' title='bbox 624 1277 636 1313; x_wconf 74' lang='grc' dir='ltr'><em>τ</em></span> <span class='ocrx_word' id='word_1_63' title='bbox 2084 1256 2105 1286; x_wconf 83' lang='lat'>⁸</span> 
     </span>
     <span class='ocr_line' id='line_1_10' title="bbox 111 1361 2099 1430; baseline -0.004 -8"><span class='ocrx_word' id='word_1_64' title='bbox 111 1368 258 1422; x_wconf 85' lang='lat' dir='ltr'><strong>Sine</strong></span> <span class='ocrx_word' id='word_1_65' title='bbox 295 1370 354 1419; x_wconf 79' lang='lat' dir='ltr'><strong>te</strong></span> <span class='ocrx_word' id='word_1_66' title='bbox 397 1366 597 1417; x_wconf 85' lang='lat' dir='ltr'><strong>exoret.</strong></span> <span class='ocrx_word' id='word_1_67' title='bbox 687 1361 788 1417; x_wconf 76' lang='lat' dir='ltr'><strong>Cn.</strong></span> <span class='ocrx_word' id='word_1_68' title='bbox 839 1362 996 1430; x_wconf 85' lang='lat' dir='ltr'>Egon</span> <span class='ocrx_word' id='word_1_69' title='bbox 1037 1379 1160 1416; x_wconf 87' lang='lat' dir='ltr'><strong>mea</strong></span> <span class='ocrx_word' id='word_1_70' title='bbox 1198 1362 1344 1415; x_wconf 85' lang='lat' dir='ltr'><strong>bona</strong></span> <span class='ocrx_word' id='word_1_71' title='bbox 1381 1365 1449 1416; x_wconf 84' lang='lat' dir='ltr'><strong>ut</strong></span> <span class='ocrx_word' id='word_1_72' title='bbox 1488 1363 1616 1416; x_wconf 87' lang='lat' dir='ltr'><strong>dem</strong></span> <span class='ocrx_word' id='word_1_73' title='bbox 1644 1361 1906 1416; x_wconf 81' lang='lat' dir='ltr'>Bacchidi</span> <span class='ocrx_word' id='word_1_74' title='bbox 1952 1362 2099 1416; x_wconf 89' lang='lat' dir='ltr'><strong>dono</strong></span> 
     </span>
     <span class='ocr_line' id='line_1_11' title="bbox 369 1467 588 1522; baseline -0.014 -1"><span class='ocrx_word' id='word_1_75' title='bbox 369 1468 542 1522; x_wconf 85' lang='lat' dir='ltr'><strong>sciens</strong></span> <span class='ocrx_word' id='word_1_76' title='bbox 567 1467 588 1518; x_wconf 74' lang='lat'><em>2</em></span> 
     </span>
     <span class='ocr_line' id='line_1_12' title="bbox 113 1569 2101 1629; baseline -0.003 0"><span class='ocrx_word' id='word_1_77' title='bbox 113 1575 262 1629; x_wconf 80' lang='lat' dir='ltr'><strong>Non</strong></span> <span class='ocrx_word' id='word_1_78' title='bbox 303 1573 514 1626; x_wconf 83' lang='lat' dir='ltr'><strong>faciam.</strong></span> <span class='ocrx_word' id='word_1_79' title='bbox 603 1570 721 1625; x_wconf 70' lang='lat' dir='ltr'><strong>Mn.</strong></span> <span class='ocrx_word' id='word_1_80' title='bbox 767 1570 846 1623; x_wconf 85' lang='lat' dir='ltr'><strong>At</strong></span> <span class='ocrx_word' id='word_1_81' title='bbox 872 1570 931 1624; x_wconf 85' lang='lat' dir='ltr'><strong>id</strong></span> <span class='ocrx_word' id='word_1_82' title='bbox 957 1587 1058 1624; x_wconf 84' lang='lat' dir='ltr'><strong>nos</strong></span> <span class='ocrx_word' id='word_1_83' title='bbox 1084 1587 1199 1623; x_wconf 91' lang='lat' dir='ltr'><strong>non</strong></span> <span class='ocrx_word' id='word_1_84' title='bbox 1225 1569 1479 1625; x_wconf 71' lang='lat' dir='ltr'><strong>sinemuS.</strong></span> <span class='ocrx_word' id='word_1_85' title='bbox 1567 1570 1659 1624; x_wconf 81' lang='lat' dir='ltr'><strong>CI..</strong></span> <span class='ocrx_word' id='word_1_86' title='bbox 1709 1571 1767 1624; x_wconf 89' lang='lat' dir='ltr'><strong>Si</strong></span> <span class='ocrx_word' id='word_1_87' title='bbox 1794 1589 1882 1624; x_wconf 89' lang='lat' dir='ltr'><strong>me</strong></span> <span class='ocrx_word' id='word_1_88' title='bbox 1908 1571 2101 1625; x_wconf 91' lang='lat' dir='ltr'><strong>uiuom</strong></span> 
     </span>
     <span class='ocr_line' id='line_1_13' title="bbox 364 1676 783 1745; baseline -0.01 -14"><span class='ocrx_word' id='word_1_89' title='bbox 364 1676 468 1745; x_wconf 82' lang='lat' dir='ltr'><strong>uis,</strong></span> <span class='ocrx_word' id='word_1_90' title='bbox 499 1679 673 1744; x_wconf 85' lang='lat' dir='ltr'><strong>pater,</strong></span> <span class='ocrx_word' id='word_1_91' title='bbox 778 1681 783 1686; x_wconf 85' lang='grc'><strong>“</strong></span> 
     </span>
     <span class='ocr_line' id='line_1_14' title="bbox 113 1778 2101 1852; baseline -0.001 -15"><span class='ocrx_word' id='word_1_92' title='bbox 113 1783 368 1852; x_wconf 80' lang='lat' dir='ltr'><strong>Ignosce.</strong></span> <span class='ocrx_word' id='word_1_93' title='bbox 479 1779 568 1832; x_wconf 81' lang='lat' dir='ltr'><strong>Sc.</strong></span> <span class='ocrx_word' id='word_1_94' title='bbox 617 1780 754 1846; x_wconf 85' lang='lat' dir='ltr'><strong>Age,</strong></span> <span class='ocrx_word' id='word_1_95' title='bbox 808 1778 1039 1832; x_wconf 79' lang='lat' dir='ltr'><strong>Chreme</strong></span> <span class='ocrx_word' id='word_1_96' title='bbox 1085 1779 1178 1832; x_wconf 90' lang='lat' dir='ltr'><strong>mi.</strong></span> <span class='ocrx_word' id='word_1_97' title='bbox 1282 1778 1395 1831; x_wconf 72' lang='grc' dir='ltr'><strong>ΜΕ.</strong></span> <span class='ocrx_word' id='word_1_98' title='bbox 1444 1778 1563 1846; x_wconf 85' lang='lat' dir='ltr'><strong>Age</strong></span> <span class='ocrx_word' id='word_1_99' title='bbox 1610 1796 1815 1848; x_wconf 83' lang='lat' dir='ltr'><strong>quaeso,</strong></span> <span class='ocrx_word' id='word_1_100' title='bbox 1866 1798 1937 1834; x_wconf 91' lang='lat' dir='ltr'><strong>ne</strong></span> <span class='ocrx_word' id='word_1_101' title='bbox 1984 1785 2101 1836; x_wconf 83' lang='lat' dir='ltr'><strong>tam</strong></span> 
     </span>
     <span class='ocr_line' id='line_1_15' title="bbox 365 1882 952 1950; baseline -0.002 -13"><span class='ocrx_word' id='word_1_102' title='bbox 365 1885 574 1937; x_wconf 88' lang='lat' dir='ltr'><strong>offirma</strong></span> <span class='ocrx_word' id='word_1_103' title='bbox 599 1886 676 1950; x_wconf 84' lang='lat' dir='ltr'><strong>te,</strong></span> <span class='ocrx_word' id='word_1_104' title='bbox 709 1882 952 1936; x_wconf 87' lang='lat' dir='ltr'><strong>Chreme.</strong></span> 
     </span>
     <span class='ocr_line' id='line_1_16' title="bbox 205 1986 2091 2056; baseline 0.001 -14"><span class='ocrx_word' id='word_1_105' title='bbox 205 1990 312 2042; x_wconf 78' lang='lat' dir='ltr'><strong>CH.</strong></span> <span class='ocrx_word' id='word_1_106' title='bbox 357 1987 504 2052; x_wconf 82' lang='lat' dir='ltr'><strong>Quid</strong></span> <span class='ocrx_word' id='word_1_107' title='bbox 529 1986 694 2040; x_wconf 77' lang='lat' dir='ltr'><strong>istic?</strong></span> <span class='ocrx_word' id='word_1_108' title='bbox 732 1986 895 2039; x_wconf 88' lang='lat' dir='ltr'><strong>uideo</strong></span> <span class='ocrx_word' id='word_1_109' title='bbox 921 2004 1033 2040; x_wconf 88' lang='lat' dir='ltr'><strong>non</strong></span> <span class='ocrx_word' id='word_1_110' title='bbox 1059 1987 1222 2039; x_wconf 90' lang='lat' dir='ltr'><strong>licere</strong></span> <span class='ocrx_word' id='word_1_111' title='bbox 1248 1990 1315 2040; x_wconf 88' lang='lat' dir='ltr'><strong>ut</strong></span> <span class='ocrx_word' id='word_1_112' title='bbox 1342 2003 1609 2055; x_wconf 81' lang='lat' dir='ltr'><strong>coeperam</strong></span> <span class='ocrx_word' id='word_1_113' title='bbox 1634 1987 1737 2040; x_wconf 91' lang='lat' dir='ltr'><strong>hoc</strong></span> <span class='ocrx_word' id='word_1_114' title='bbox 1756 1989 2091 2056; x_wconf 71' lang='lat' dir='ltr'><strong>pertendere.</strong></span> 
     </span>
     <span class='ocr_line' id='line_1_17' title="bbox 205 2089 2101 2161; baseline 0 -15"><span class='ocrx_word' id='word_1_115' title='bbox 205 2093 323 2146; x_wconf 76' lang='grc' dir='ltr'><strong>ΜΕ.</strong></span> <span class='ocrx_word' id='word_1_116' title='bbox 372 2090 549 2158; x_wconf 84' lang='lat' dir='ltr'><strong>Facis,</strong></span> <span class='ocrx_word' id='word_1_117' title='bbox 594 2093 660 2143; x_wconf 84' lang='lat' dir='ltr'><strong>ut</strong></span> <span class='ocrx_word' id='word_1_118' title='bbox 699 2093 757 2143; x_wconf 81' lang='lat' dir='ltr'><strong>te</strong></span> <span class='ocrx_word' id='word_1_119' title='bbox 797 2090 970 2144; x_wconf 85' lang='lat' dir='ltr'><strong>decet.</strong></span> <span class='ocrx_word' id='word_1_120' title='bbox 1059 2090 1160 2144; x_wconf 76' lang='lat' dir='ltr'><strong>CH.</strong></span> <span class='ocrx_word' id='word_1_121' title='bbox 1209 2089 1292 2144; x_wconf 85' lang='lat' dir='ltr'><strong>Ea</strong></span> <span class='ocrx_word' id='word_1_122' title='bbox 1330 2091 1449 2159; x_wconf 86' lang='lat' dir='ltr'><strong>lege</strong></span> <span class='ocrx_word' id='word_1_123' title='bbox 1487 2092 1591 2145; x_wconf 91' lang='lat' dir='ltr'><strong>hoc</strong></span> <span class='ocrx_word' id='word_1_124' title='bbox 1631 2092 1768 2146; x_wconf 83' lang='lat' dir='ltr'><strong>adeo</strong></span> <span class='ocrx_word' id='word_1_125' title='bbox 1806 2092 2017 2161; x_wconf 85' lang='lat' dir='ltr'><strong>faciam,</strong></span> <span class='ocrx_word' id='word_1_126' title='bbox 2053 2094 2101 2146; x_wconf 83' lang='lat' dir='ltr'><strong>si</strong></span> 
     </span>
     <span class='ocr_line' id='line_1_18' title="bbox 366 2195 2101 2248; baseline 0.001 0"><span class='ocrx_word' id='word_1_127' title='bbox 366 2195 499 2248; x_wconf 83' lang='lat' dir='ltr'><strong>facit</strong></span> <span class='ocrx_word' id='word_1_128' title='bbox 2060 2195 2101 2226; x_wconf 88' lang='lat'><strong>¹⁰</strong></span> 
     </span>
     <span class='ocr_line' id='line_1_19' title="bbox 116 2289 2096 2367; baseline 0.001 -15"><span class='ocrx_word' id='word_1_129' title='bbox 116 2299 289 2364; x_wconf 86' lang='lat' dir='ltr'><strong>Quod</strong></span> <span class='ocrx_word' id='word_1_130' title='bbox 335 2316 434 2367; x_wconf 89' lang='lat' dir='ltr'><strong>ego</strong></span> <span class='ocrx_word' id='word_1_131' title='bbox 449 2289 460 2298; x_wconf 64' lang='grc'><em>’</em></span> <span class='ocrx_word' id='word_1_132' title='bbox 479 2298 628 2351; x_wconf 89' lang='lat' dir='ltr'><strong>hunc</strong></span> <span class='ocrx_word' id='word_1_133' title='bbox 675 2314 892 2367; x_wconf 86' lang='lat' dir='ltr'><strong>aequom</strong></span> <span class='ocrx_word' id='word_1_134' title='bbox 940 2314 1146 2352; x_wconf 81' lang='lat' dir='ltr'><strong>censeo,</strong></span> <span class='ocrx_word' id='word_1_135' title='bbox 1255 2298 1346 2353; x_wconf 74' lang='lat' dir='ltr'><strong>CL.</strong></span> <span class='ocrx_word' id='word_1_136' title='bbox 1395 2299 1581 2367; x_wconf 84' lang='lat' dir='ltr'><strong>Pater,</strong></span> <span class='ocrx_word' id='word_1_137' title='bbox 1633 2299 1817 2353; x_wconf 90' lang='lat' dir='ltr'><strong>omnia</strong></span> <span class='ocrx_word' id='word_1_138' title='bbox 1862 2299 2096 2354; x_wconf 85' lang='lat' dir='ltr'><strong>faciam:</strong></span> 
     </span>
     <span class='ocr_line' id='line_1_20' title="bbox 364 2403 566 2472; baseline 0 -17"><span class='ocrx_word' id='word_1_139' title='bbox 364 2403 566 2472; x_wconf 84' lang='lat' dir='ltr'><strong>inpera.</strong></span> 
     </span>
     <span class='ocr_line' id='line_1_21' title="bbox 201 2493 2087 2564; baseline 0.001 -2"><span class='ocrx_word' id='word_1_140' title='bbox 201 2508 306 2562; x_wconf 80' lang='lat' dir='ltr'><strong>CH.</strong></span> <span class='ocrx_word' id='word_1_141' title='bbox 355 2507 600 2561; x_wconf 84' lang='lat' dir='ltr'><strong>onrem</strong></span> <span class='ocrx_word' id='word_1_142' title='bbox 642 2510 707 2559; x_wconf 87' lang='lat' dir='ltr'><strong>ut</strong></span> <span class='ocrx_word' id='word_1_143' title='bbox 750 2506 930 2561; x_wconf 81' lang='lat' dir='ltr'><strong>ducas,</strong></span> <span class='ocrx_word' id='word_1_144' title='bbox 1019 2507 1110 2561; x_wconf 72' lang='lat' dir='ltr'><strong>Cn.</strong></span> <span class='ocrx_word' id='word_1_145' title='bbox 1158 2507 1341 2561; x_wconf 88' lang='lat' dir='ltr'><strong>Pater.</strong></span> <span class='ocrx_word' id='word_1_146' title='bbox 1402 2493 1532 2562; x_wconf 73' lang='lat' dir='ltr'><strong>CH.</strong></span> <span class='ocrx_word' id='word_1_147' title='bbox 1580 2508 1681 2561; x_wconf 89' lang='lat' dir='ltr'><strong>Nil</strong></span> <span class='ocrx_word' id='word_1_148' title='bbox 1720 2509 1899 2564; x_wconf 88' lang='lat' dir='ltr'><strong>audio.</strong></span> <span class='ocrx_word' id='word_1_149' title='bbox 1999 2509 2087 2564; x_wconf 83' lang='lat' dir='ltr'><strong>So.</strong></span> 
     </span>
     <span class='ocr_line' id='line_1_22' title="bbox 194 2585 832 2680; baseline 0.002 -16"><span class='ocrx_word' id='word_1_150' title='bbox 194 2585 206 2604; x_wconf 60' lang='grc'><strong><em>’</em></strong></span> <span class='ocrx_word' id='word_1_151' title='bbox 360 2612 445 2665; x_wconf 87' lang='lat' dir='ltr'><strong>Ad</strong></span> <span class='ocrx_word' id='word_1_152' title='bbox 477 2628 565 2664; x_wconf 89' lang='lat' dir='ltr'><strong>me</strong></span> <span class='ocrx_word' id='word_1_153' title='bbox 590 2610 791 2680; x_wconf 85' lang='lat' dir='ltr'><strong>recipio</strong></span> <span class='ocrx_word' id='word_1_154' title='bbox 819 2630 832 2665; x_wconf 74' lang='grc' dir='ltr'>ε</span> 
     </span>
     <span class='ocr_line' id='line_1_23' title="bbox 113 2715 2097 2784; baseline 0.001 -14"><span class='ocrx_word' id='word_1_155' title='bbox 113 2716 323 2771; x_wconf 85' lang='lat' dir='ltr'><strong>Faciet.</strong></span> <span class='ocrx_word' id='word_1_156' title='bbox 456 2716 558 2770; x_wconf 76' lang='lat' dir='ltr'><strong>Cn.</strong></span> <span class='ocrx_word' id='word_1_157' title='bbox 606 2716 709 2769; x_wconf 85' lang='lat' dir='ltr'><strong>Nil</strong></span> <span class='ocrx_word' id='word_1_158' title='bbox 750 2716 916 2768; x_wconf 86' lang='lat' dir='ltr'><strong>etiam</strong></span> <span class='ocrx_word' id='word_1_159' title='bbox 943 2716 1107 2769; x_wconf 88' lang='lat' dir='ltr'><strong>audio</strong></span> <span class='ocrx_word' id='word_1_160' title='bbox 1134 2715 1328 2784; x_wconf 84' lang='lat' dir='ltr'><strong>ipsum.</strong></span> <span class='ocrx_word' id='word_1_161' title='bbox 1458 2715 1549 2771; x_wconf 74' lang='lat' dir='ltr'><strong>CL.</strong></span> <span class='ocrx_word' id='word_1_162' title='bbox 1598 2716 1766 2772; x_wconf 86' lang='lat' dir='ltr'><strong>Perii.</strong></span> <span class='ocrx_word' id='word_1_163' title='bbox 1866 2716 1955 2772; x_wconf 81' lang='lat' dir='ltr'><strong>So.</strong></span> <span class='ocrx_word' id='word_1_164' title='bbox 2004 2719 2097 2772; x_wconf 85' lang='lat' dir='ltr'><strong>Au</strong></span> 
     </span>
     <span class='ocr_line' id='line_1_24' title="bbox 362 2817 920 2888; baseline -0.002 -15"><span class='ocrx_word' id='word_1_165' title='bbox 362 2817 597 2887; x_wconf 79' lang='lat' dir='ltr'><strong>dubitas,</strong></span> <span class='ocrx_word' id='word_1_166' title='bbox 633 2819 875 2888; x_wconf 79' lang='lat' dir='ltr'><strong>Clitipho</strong></span> <span class='ocrx_word' id='word_1_167' title='bbox 899 2819 920 2872; x_wconf 69' lang='grc' dir='ltr'><strong><em>Ἰ</em></strong></span> 
     </span>
     <span class='ocr_line' id='line_1_25' title="bbox 201 2901 2096 2980; baseline 0.003 -5"><span class='ocrx_word' id='word_1_168' title='bbox 201 2923 305 2976; x_wconf 80' lang='lat' dir='ltr'><strong>CH.</strong></span> <span class='ocrx_word' id='word_1_169' title='bbox 355 2922 535 2975; x_wconf 92' lang='lat' dir='ltr'><strong>Immo</strong></span> <span class='ocrx_word' id='word_1_170' title='bbox 562 2911 752 2976; x_wconf 85' lang='lat' dir='ltr'><strong>utrum</strong></span> <span class='ocrx_word' id='word_1_171' title='bbox 779 2923 914 2977; x_wconf 84' lang='lat' dir='ltr'><strong>uolt.</strong></span> <span class='ocrx_word' id='word_1_172' title='bbox 1005 2922 1092 2978; x_wconf 82' lang='lat' dir='ltr'><strong>So,</strong></span> <span class='ocrx_word' id='word_1_173' title='bbox 1139 2923 1329 2977; x_wconf 85' lang='lat' dir='ltr'><strong>Faciet</strong></span> <span class='ocrx_word' id='word_1_174' title='bbox 1355 2924 1551 2978; x_wconf 85' lang='lat' dir='ltr'><strong>omnia.</strong></span> <span class='ocrx_word' id='word_1_175' title='bbox 1639 2901 1757 2980; x_wconf 61' lang='lat' dir='ltr'><strong>Mis.</strong></span> <span class='ocrx_word' id='word_1_176' title='bbox 1794 2926 1933 2980; x_wconf 80' lang='lat' dir='ltr'><strong>Haec</strong></span> <span class='ocrx_word' id='word_1_177' title='bbox 1960 2927 2096 2980; x_wconf 83' lang='lat' dir='ltr'><strong>dum</strong></span> 
     </span>
     <span class='ocr_line' id='line_1_26' title="bbox 359 3025 1005 3095; baseline 0.002 -17"><span class='ocrx_word' id='word_1_178' title='bbox 359 3025 607 3095; x_wconf 78' lang='lat' dir='ltr'><strong>incipiaS,</strong></span> <span class='ocrx_word' id='word_1_179' title='bbox 637 3026 830 3094; x_wconf 83' lang='lat' dir='ltr'><strong>grauia</strong></span> <span class='ocrx_word' id='word_1_180' title='bbox 855 3030 1005 3094; x_wconf 73' lang='lat' dir='ltr'><strong>Slmt,</strong></span> 
     </span>
     <span class='ocr_line' id='line_1_27' title="bbox 111 3130 2093 3204; baseline 0.002 -19"><span class='ocrx_word' id='word_1_181' title='bbox 111 3132 376 3199; x_wconf 87' lang='lat' dir='ltr'><strong>Dumque</strong></span> <span class='ocrx_word' id='word_1_182' title='bbox 400 3130 616 3199; x_wconf 82' lang='lat' dir='ltr'><strong>ignores</strong></span> <span class='ocrx_word' id='word_1_183' title='bbox 641 3149 654 3185; x_wconf 74' lang='grc' dir='ltr'><em>τ</em></span> <span class='ocrx_word' id='word_1_184' title='bbox 695 3130 794 3183; x_wconf 88' lang='lat' dir='ltr'><strong>ubi</strong></span> <span class='ocrx_word' id='word_1_185' title='bbox 819 3131 1082 3199; x_wconf 72' lang='lat' dir='ltr'><strong>cognoriS,</strong></span> <span class='ocrx_word' id='word_1_186' title='bbox 1113 3131 1307 3186; x_wconf 77' lang='lat' dir='ltr'><strong>facilia.</strong></span> <span class='ocrx_word' id='word_1_187' title='bbox 1397 3131 1488 3185; x_wconf 81' lang='lat'><strong>01..</strong></span> <span class='ocrx_word' id='word_1_188' title='bbox 1538 3133 1778 3201; x_wconf 82' lang='lat' dir='ltr'><strong>Faciam,</strong></span> <span class='ocrx_word' id='word_1_189' title='bbox 1810 3139 1978 3204; x_wconf 83' lang='lat' dir='ltr'><strong>pater.</strong></span> <span class='ocrx_word' id='word_1_190' title='bbox 2055 3133 2093 3165; x_wconf 82' lang='lat'><strong>¹⁵</strong></span> 
     </span>
     <span class='ocr_line' id='line_1_28' title="bbox 198 3233 2091 3307; baseline 0.003 -21"><span class='ocrx_word' id='word_1_191' title='bbox 198 3233 288 3286; x_wconf 82' lang='lat' dir='ltr'><strong>Sc.</strong></span> <span class='ocrx_word' id='word_1_192' title='bbox 338 3233 520 3286; x_wconf 83' lang='lat' dir='ltr'><strong>Gnate</strong></span> <span class='ocrx_word' id='word_1_193' title='bbox 566 3235 662 3298; x_wconf 89' lang='lat' dir='ltr'><strong>mi,</strong></span> <span class='ocrx_word' id='word_1_194' title='bbox 708 3251 808 3302; x_wconf 85' lang='lat' dir='ltr'><strong>ego</strong></span> <span class='ocrx_word' id='word_1_195' title='bbox 850 3235 944 3302; x_wconf 91' lang='lat' dir='ltr'><strong>pol</strong></span> <span class='ocrx_word' id='word_1_196' title='bbox 985 3234 1091 3287; x_wconf 88' lang='lat' dir='ltr'><strong>tibi</strong></span> <span class='ocrx_word' id='word_1_197' title='bbox 1137 3235 1280 3288; x_wconf 84' lang='lat' dir='ltr'><strong>dabo</strong></span> <span class='ocrx_word' id='word_1_198' title='bbox 1326 3234 1479 3288; x_wconf 80' lang='lat' dir='ltr'><strong>illam</strong></span> <span class='ocrx_word' id='word_1_199' title='bbox 1520 3236 1779 3305; x_wconf 85' lang='lat' dir='ltr'><strong>lepidam,</strong></span> <span class='ocrx_word' id='word_1_200' title='bbox 1811 3255 1979 3307; x_wconf 86' lang='lat' dir='ltr'><strong>quam</strong></span> <span class='ocrx_word' id='word_1_201' title='bbox 2024 3243 2091 3292; x_wconf 84' lang='lat' dir='ltr'><strong>tu</strong></span> 
     </span>
     <span class='ocr_line' id='line_1_29' title="bbox 355 3338 707 3407; baseline 0 -17"><span class='ocrx_word' id='word_1_202' title='bbox 355 3338 516 3390; x_wconf 83' lang='lat' dir='ltr'><strong>facile</strong></span> <span class='ocrx_word' id='word_1_203' title='bbox 543 3355 707 3407; x_wconf 85' lang='lat' dir='ltr'><strong>ames,</strong></span> 
     </span>
     <span class='ocr_line' id='line_1_30' title="bbox 112 3439 1916 3512; baseline 0.002 -18"><span class='ocrx_word' id='word_1_204' title='bbox 112 3439 316 3494; x_wconf 77' lang='lat' dir='ltr'><strong>Filiam</strong></span> <span class='ocrx_word' id='word_1_205' title='bbox 343 3441 700 3495; x_wconf 70' lang='lat' dir='ltr'><strong>Phanocratae</strong></span> <span class='ocrx_word' id='word_1_206' title='bbox 727 3440 916 3494; x_wconf 79' lang='lat' dir='ltr'><strong>nostri.</strong></span> <span class='ocrx_word' id='word_1_207' title='bbox 1005 3439 1097 3494; x_wconf 75' lang='lat'><strong>01..</strong></span> <span class='ocrx_word' id='word_1_208' title='bbox 1144 3441 1421 3495; x_wconf 86' lang='lat' dir='ltr'><strong>Rufamne</strong></span> <span class='ocrx_word' id='word_1_209' title='bbox 1448 3442 1602 3495; x_wconf 88' lang='lat' dir='ltr'><strong>illam</strong></span> <span class='ocrx_word' id='word_1_210' title='bbox 1628 3443 1916 3512; x_wconf 86' lang='lat' dir='ltr'><strong>uirginem,</strong></span> 
     </span>
     <span class='ocr_line' id='line_1_31' title="bbox 115 3546 1791 3618; baseline 0.001 -17"><span class='ocrx_word' id='word_1_211' title='bbox 115 3546 367 3615; x_wconf 74' lang='lat' dir='ltr'><strong>Caesiam,</strong></span> <span class='ocrx_word' id='word_1_212' title='bbox 399 3564 585 3616; x_wconf 78' lang='lat' dir='ltr'><strong>sparso</strong></span> <span class='ocrx_word' id='word_1_213' title='bbox 612 3563 723 3614; x_wconf 87' lang='lat' dir='ltr'><strong>ore,</strong></span> <span class='ocrx_word' id='word_1_214' title='bbox 756 3546 972 3600; x_wconf 88' lang='lat' dir='ltr'><strong>adunco</strong></span> <span class='ocrx_word' id='word_1_215' title='bbox 998 3546 1174 3600; x_wconf 70' lang='lat' dir='ltr'><strong>naso?</strong></span> <span class='ocrx_word' id='word_1_216' title='bbox 1212 3563 1323 3599; x_wconf 88' lang='lat' dir='ltr'><strong>non</strong></span> <span class='ocrx_word' id='word_1_217' title='bbox 1351 3564 1590 3616; x_wconf 86' lang='lat' dir='ltr'><strong>possum,</strong></span> <span class='ocrx_word' id='word_1_218' title='bbox 1621 3553 1791 3618; x_wconf 85' lang='lat' dir='ltr'><strong>pater.</strong></span> 
     </span>
    </p>
   </div>
  </div>
 </body>
</html>
