2342 3992
1005 157 1268 199 ANDRIA.
1951 185 1962 200 .
2047 143 2126 203 13

148 304 259 359 Sed
303 303 443 373 quid
483 321 615 358 nam
655 303 1010 373 Pamphilum
1051 304 1430 358 exanimatum
1457 306 1662 359 uideo?
1741 306 1952 361 Vereor
1992 310 2128 378 quid

387 407 508 461 siet.
1182 399 1188 402 ”

146 487 430 582 Opperiai,
460 514 526 565 ut
551 511 721 566 seiam
746 511 1153 581 numquidnam
1179 512 1298 566 haee
1323 513 1488 567 turba
1513 513 1758 567 tristitiae
1785 514 2011 570 adferet.

834 966 990 1021 AGT.
1036 966 1338 1021 I.—Scmr.
1389 968 1444 1021 5.

826 1126 1165 1166 FAMPEILVS.
1260 1128 1346 1165 MY
1347 1128 1443 1167 818.

223 1246 325 1300 ΡΑ.
402 1243 672 1297 Hocinest
731 1240 1037 1294 humanum
1109 1243 1264 1296 factu
1316 1244 1416 1295 aut
1480 1241 1705 1311 inceptu
1729 1243 1750 1296 2
1857 1243 2124 1299 Hocinest

384 1345 622 1400 officium
648 1343 825 1413 patris
848 1343 917 1397 2-

222 1451 346 1504 MY.
396 1449 544 1513 Quid
589 1448 730 1502 illud
780 1451 864 1501 est
888 1448 909 1501 2
989 1448 1093 1504 ΡΑ.
1124 1449 1465 1547 Q*
1300 1450 1468 1503 deum
1515 1449 1698 1532 fidem,
1751 1451 1887 1519 quid
1927 1454 2030 1519 est,
2075 1451 2124 1506 si
2168 1421 2174 1430 .

385 1554 490 1607 hoc
515 1571 629 1606 non
657 1553 1043 1606 contumeliast
1067 1552 1088 1605 2
2208 1557 2216 1566 ⁶

140 1660 390 1714 onrem
416 1659 662 1712 decrerat
688 1657 818 1710 dame
846 1673 959 1709 sese
986 1657 1063 1708 mi
1089 1656 1296 1711 hodie:
1337 1674 1519 1710 nonne
1545 1658 1794 1726 oportuit

139 1765 435 1820 Praesoisse
461 1779 551 1816 me
577 1765 708 1815 ante
732 1761 753 1814 ‘i
833 1761 1036 1818 Nonne
1063 1761 1217 1830 prius
1243 1762 1706 1816 eommunicatum
1734 1763 2022 1833 oportuit?

222 1869 348 1922 MY.
395 1867 659 1920 Miseram
684 1883 791 1933 me,
824 1865 973 1934 quod
1000 1865 1233 1918 uerbum
1259 1864 1424 1918 audio
1449 1865 1470 1918 ‘i
2098 1865 2120 1896 ⁸

222 1975 328 2027 ΡΑ.
378 1971 527 2036 Quid
554 1971 831 2038 Chremes,
864 1969 961 2039 qui
987 1970 1284 2037 denegarat
1311 1987 1367 2022 se
1395 1969 1809 2023 commissurum
1835 1971 1971 2023 mihi

143 2078 391 2130 Gnatam
418 2093 573 2129 suam
598 2091 848 2143 uxorem,
878 2073 938 2126 id
964 2073 1226 2141 mutauit,
1259 2073 1389 2142 quia
1413 2091 1501 2126 me
1528 2073 2051 2128 inmutatum-uidet
2074 2074 2095 2127 2

143 2182 309 2234 Itane
363 2179 637 2234 obstinate
704 2179 804 2232 dat
870 2194 1105 2246 operam,
1181 2182 1247 2231 ut
1312 2194 1400 2229 me
1454 2195 1488 2231 a
1553 2177 1806 2246 Glycerio
1859 2180 2120 2232 miserum

387 2271 669 2337 abstrahat
691 2283 710 2336 ’ἒ

146 2390 311 2454 Quod
337 2390 385 2442 si
410 2389 494 2456 fit,
523 2405 687 2457 pereo
712 2386 982 2440 funditus,

145 2495 344 2548 Adeon
368 2493 651 2547 hominem
691 2508 804 2544 esse
844 2491 1206 2543 inuenustum
1233 2494 1330 2543 aut
1370 2489 1645 2544 infelicem
1672 2508 2020 2560 quemquam,
2052 2495 2119 2545 ut

386 2614 486 2666 ego
512 2563 675 2650 suml
2081 2590 2122 2622 ¹⁰

148 2704 263 2757 Pro
288 2703 454 2756 deum
481 2703 649 2769 atque
675 2698 963 2751 hominum
990 2697 1157 2752 fidem
1187 2700 1198 2751 Ξ

148 2808 202 2860 N
208 2807 364 2860 ullon
390 2823 491 2874 ego
520 2803 821 2858 Chremetis
849 2807 1009 2871 paeto
1035 2801 1380 2855 adfinitatem
1407 2802 1656 2870 ecfugere
1681 2806 1871 2870 potero
1894 2803 1915 2856 ‘i

148 2910 300 2974 Quot
366 2909 545 2962 modis
613 2911 983 2975 contemptuS,
1040 2909 1258 2974 spretus
1287 2908 1298 2959 !
1361 2906 1528 2973 faeta,
1584 2909 1861 2959 transacta
1914 2905 2110 2959 omnia.

392 3013 561 3080 Hem,

146 3119 499 3187 Repudiatus
569 3118 786 3183 repetor
813 3131 826 3168 :
895 3129 1059 3182 quam
1117 3111 1343 3165 obrem?
1421 3111 1550 3165 Nisi
1581 3089 1649 3164 ’si
1699 3111 1760 3165 id
1813 3115 1916 3179 est,
1973 3111 2123 3181 quod

393 3220 639 3289 suspicor
664 3237 677 3272 :

150 3326 385 3396 Aliquid
411 3324 643 3378 monstri
669 3324 828 3377 alunt
856 3342 869 3377 ε
911 3340 975 3376 ea
1002 3322 1263 3390 quoniam
1289 3319 1499 3374 nemini
1525 3321 1747 3375 obtrudi
1772 3324 1972 3389 potest,
2088 3316 2125 3350 ¹⁵

152 3433 281 3484 Itur
307 3429 379 3483 ad
405 3446 507 3482 me.
596 3428 716 3482 MY.
806 3425 994 3480 Oratio
1020 3427 1139 3479 haeo
1164 3443 1253 3479 me
1280 3425 1534 3479 miseram
1559 3425 1896 3480 exanimauit
1921 3428 2088 3478 metu.

232 3535 337 3588 ΡΑ.
391 3533 447 3586 N
448 3551 536 3586 am
565 3533 700 3601 quid
726 3549 826 3600 ego
854 3531 1032 3585 dicam
1060 3531 1128 3583 de
1156 3534 1312 3599 patre
1338 3529 1359 3582 ‘l
1436 3529 1547 3597 Ah,
