2342 3992
916 178 924 184 -
967 152 1225 194 mnam.
1992 137 2072 194 29

95 303 250 358 Tute
303 303 445 356 adeo
505 303 616 356 iam
691 303 809 356 eius
835 365 844 368 ,
875 302 1044 356 uerba
1109 302 1314 356 audies.
1431 301 1606 369 Heus,
1676 304 1900 355 euoeate
1965 301 2074 356 hue

346 406 580 461 Dauom.

95 515 296 580 Atque
323 528 514 564 eccum
545 530 558 566 :
597 510 762 564 uideo
788 510 970 579 ipsum
993 511 1139 564 foras
1165 510 1329 564 exire.

743 856 900 912 AOT.
946 856 1055 911 III.
1063 856 1307 910 —Scmn
1359 859 1411 912 4.

691 1018 887 1057 DAVOS.
977 1019 1127 1058 SIMO.
1216 1017 1492 1056 omns,

532 1133 639 1188 DA.
658 1188 668 1196 ,
687 1133 780 1186 Ad
806 1137 866 1187 te
891 1133 1055 1187 ibam.
1145 1133 1223 1186 St.
1273 1132 1421 1197 Quid
1448 1136 1629 1186 namst
1650 1132 1669 1185 3

178 1239 291 1292 DA.
351 1237 504 1302 Quor
551 1255 695 1290 uxor
735 1251 849 1289 non
895 1237 1233 1290 arcessitur?
1311 1236 1433 1289 Iam
1484 1235 1898 1304 aduesperaseit.
1988 1237 2064 1290 S1.

344 1341 539 1395 Audin
565 1345 632 1394 tu
658 1341 818 1393 illum
843 1340 864 1394 2

95 1447 225 1515 Ego
281 1446 498 1498 dudum
539 1461 653 1497 non
695 1444 777 1497 nil
823 1444 1036 1497 ueritus
1080 1461 1222 1512 sum,
1266 1443 1439 1511 Daue,
1492 1444 1590 1498 abs
1629 1446 1709 1512 te,
1760 1461 1831 1497 ne
1870 1445 2074 1497 faceres
2130 1431 2137 1438 ⁵

347 1548 516 1616 idem,

99 1652 272 1717 Quod
297 1652 496 1720 uolgus
522 1669 805 1704 seruorum
831 1652 989 1719 solet,
1021 1651 1162 1705 dolis
1190 1656 1256 1705 ut
1282 1670 1371 1706 me
1398 1653 1702 1721 deluderes,

100 1757 408 1824 Propterea
455 1755 605 1824 quod
649 1758 801 1808 amat
828 1754 990 1810 filius.
1076 1755 1184 1809 DA.
1250 1756 1408 1824 Egon
1446 1757 1590 1811 istuc
1629 1755 1908 1810 facerem?
1986 1756 2063 1810 St.

349 1859 570 1914 Credidi
597 1879 610 1915 z
2053 1859 2073 1890 ⁶

104 1966 289 2034 quue
318 1965 458 2018 adeo
484 1969 736 2018 metuens
757 1981 856 2017 uos
883 1963 1075 2032 celaui,
1100 1964 1249 2033 quod
1276 1981 1423 2018 nune
1449 1963 1641 2017 dicam.
1729 1964 1839 2018 DA.
1888 1949 2075 2029 Quid'2

351 2068 431 2123 SI.
479 2069 626 2144 Scio-S
651 2089 663 2124 τ
1191 2089 1227 2118 n

105 2174 258 2227 Nam
304 2174 700 2243 propemodum
740 2173 915 2228 habeo
954 2174 1063 2228 iam
1103 2165 1301 2230 fidem(
1390 2175 1499 2230 DA.
1547 2175 1789 2228 Tandem
1830 2176 2076 2243 cognosti

351 2279 449 2348 qui
474 2281 608 2333 siem
629 2279 649 2332 'e

185 2389 265 2442 S1.
318 2387 453 2438 Non
478 2386 700 2438 fuerant
739 2385 950 2453 nuptiae
989 2384 1209 2438 futurae.
1305 2384 1414 2439 DA.
1464 2384 1657 2449 Quid?
1735 2386 1794 2439 N
1795 2385 1912 2438 on?
1992 2386 2068 2438 81.

352 2489 459 2543 Sed
487 2507 550 2542 ea
575 2489 751 2557 gratia

109 2594 402 2661 Simulaui,
433 2611 534 2646 uos
568 2597 636 2646 ut
675 2596 1113 2662 pertemptarem.
1203 2593 1309 2647 DA.
1362 2592 1510 2657 Quid
1549 2593 1670 2647 ais?
1748 2593 1825 2648 SI.
1876 2593 1965 2646 Sic
1990 2611 2077 2646 res

350 2703 448 2751 est.
537 2696 643 2751 DA.
692 2695 876 2751 Vide:

113 2802 440 2870 Numquam
484 2800 629 2853 istuc
671 2799 829 2868 quini
882 2817 981 2868 ego
1034 2798 1365 2867 intellegere.
1451 2798 1579 2854 Vah
1632 2801 1919 2854 eonsilium
1972 2802 2077 2854 cal-

350 2903 541 2958 lidum.
2038 2902 2078 2934 ¹⁰

190 3008 269 3062 SI.
321 3008 446 3060 Hoc
473 3006 642 3060 audi:
682 3009 749 3059 ut
791 3006 921 3060 hine
947 3010 1005 3058 te
1045 3006 1196 3060 intro
1236 3007 1315 3059 ire
1356 3007 1507 3078 iussi,
1539 3013 1844 3077 opportune
1883 3008 1976 3062 hio
2014 3010 2086 3080 fits

353 3111 434 3164 mi
459 3111 694 3164 obuiam.
783 3109 890 3164 DA.
940 3111 1109 3178 Hem,

119 3215 422 3268 Num-nam
447 3214 706 3282 periimus
730 3214 750 3267 ‘e
829 3213 914 3269 SI.
957 3213 1136 3268 Narro
1177 3213 1323 3282 huic,
1355 3231 1480 3283 quae
1506 3219 1572 3268 tu
1608 3215 1820 3286 dudum
1845 3217 2079 3270 narrasti

197 3423 304 3476 DA.
353 3421 632 3486 Quidnam
685 3422 890 3476 audio?
969 3421 1048 3478 SI.
1096 3422 1337 3477 Gnatam
1382 3429 1449 3477 ut
1495 3425 1591 3478 det
1632 3443 1745 3494 oro,
1776 3425 1980 3494 uixque
2021 3426 2078 3478 id

357 3541 538 3582 exoro.
626 3525 732 3580 DA.
783 3525 984 3581 Occidi.
1071 3527 1147 3582 81.
1199 3527 1364 3595 Hem,
