2342 3992
289 187 369 247 Βῆ
1151 197 1406 240 ANDRIA.

288 349 545 419 Vtrique,
575 349 635 405 id
662 367 757 404 oro
783 353 840 403 te
866 349 927 402 in
954 327 1242 402 commune
1269 353 1336 403 ut
1363 351 1635 420 consulas,

291 454 461 520 Quasi
485 455 581 508 illa
605 458 707 508 tua
734 454 807 507 sit
834 453 1222 522 Pamphilique
1249 471 1350 522 ego
1378 453 1482 507 sim
1512 459 1683 523 pater.

370 559 446 614 81.
495 560 675 613 11111110
702 558 783 612 ita
806 559 937 612 uolo
963 559 1153 625 itaque
1180 558 1402 625 postulo
1427 561 1495 611 ut
1521 559 1638 629 fiat,
1671 559 1900 614 Chreme
1928 579 1941 616 :

291 664 489 733 Neque
513 663 787 732 postulem
812 661 909 717 abs
935 664 1012 730 te,
1044 661 1105 714 ni
1130 661 1248 729 ipsa
1272 679 1359 714 res
1385 665 1624 718 moneat.
1713 663 1818 720 On.
1868 665 2018 730 Quid
2045 671 2140 721 est
2163 666 2186 722 ‘1

370 768 447 823 81.
493 768 601 822 Irae
627 773 760 821 sunt
783 771 931 821 inter
956 766 1272 836 Glycerium
1299 770 1357 819 et
1382 770 1627 834 gnatum.
1717 767 1818 823 011.
1868 770 2072 826 Audio.
2225 767 2266 799 ω

370 873 447 928 81.
495 872 589 927 Ita
612 889 842 942 magnae,
872 875 939 926 ut
966 888 1178 940 sperem
1203 887 1362 939 posse
1387 871 1566 926 auelli.
1656 871 1756 928 011.
1806 874 2050 930 Fabulae.

368 977 447 1032 SI.
495 978 749 1032 Profecto
776 977 853 1030 616
879 980 977 1030 est.
1066 975 1167 1028 011.
1218 974 1306 1029 816
1331 975 1512 1029 1161616
1539 979 1606 1029 ut
1635 976 1812 1030 dicam
1839 977 1945 1030 tibi
1975 998 1988 1032 :

290 1082 614 1136 Amantium
638 1083 735 1136 irae
761 1081 959 1136 amoris
984 1079 1347 1148 integratiost.

370 1185 447 1240 81.
495 1186 658 1254 Hem,
692 1186 752 1239 id
779 1190 837 1240 te
864 1201 960 1238 oro
986 1187 1052 1237 ut
1079 1187 1210 1236 ante
1236 1199 1436 1238 eamus,
1523 1183 1677 1238 Dum
1701 1188 1918 1254 tempus
1945 1185 2144 1256 datur,

291 1288 550 1360 Dumque
578 1290 694 1344 eius
719 1290 909 1343 lubido
938 1287 1205 1341 occlusast
1233 1287 1594 1356 contumeliis,
2175 1286 2182 1299 '
2226 1289 2262 1321 ²⁵

213 1451 220 1458 ‚
288 1394 453 1448 Prius
477 1412 643 1464 quam
667 1394 863 1447 harum
890 1392 1091 1446 scelera
1117 1395 1178 1448 et
1203 1391 1458 1446 lacrumae
1483 1393 1731 1447 confictae
1757 1393 1898 1446 dolis

288 1497 624 1552 Redducunt
650 1499 896 1579 animum
925 1500 1195 1565 aegrotum
1221 1496 1293 1550 ad
1319 1496 1762 1565 misericordiam,

287 1601 533 1660 onrem
558 1603 763 1657 demus.
853 1601 1019 1671 Spero
1048 1601 1447 1662 consuetudine
1475 1605 1534 1654 et

289 1706 554 1776 Coniugio
580 1677 794 1761 iiberali
820 1707 1157 1773 deuinctum,
1195 1706 1438 1774 Chreme,

287 1811 433 1866 Dein
458 1811 615 1865 facile
642 1830 712 1866 ex
737 1813 847 1867 illis
874 1830 989 1866 sese
1016 1825 1352 1866 emersurum
1378 1810 1550 1865 malis.
2219 1813 2258 1846 ³⁰

368 1915 469 1970 011.
517 1905 639 1970 Tibi
666 1918 747 1971 ita
773 1918 877 1971 hoc
900 1917 1127 1971 uidetur
1154 1937 1167 1972 :
1209 1920 1268 1970 at
1294 1933 1394 1984 ego
1420 1925 1534 1969 non
1559 1933 1716 1986 posse
1743 1916 1980 1972 arbitror

287 2023 485 2092 Neque
512 2024 671 2077 illum
697 2023 838 2076 hanc
863 2026 1129 2091 perpetuo
1154 2021 1354 2074 11611616
1381 2037 1559 2090 neque
1585 2038 1674 2074 me
1699 2021 1926 2092 perpeti.

368 2127 445 2181 81.
496 2126 606 2194 Qui
632 2126 736 2180 6616
762 2143 892 2194 ergo
920 2123 1081 2193 istuc,
1113 2125 1222 2178 nisi
1247 2125 1512 2194 periclum
1538 2124 1770 2180 feceris?
2029 2121 2032 2126 ’

368 2232 469 2285 CH.
516 2232 599 2284 At
623 2231 767 2283 istuc
792 2229 1058 2298 periclum
1084 2229 1143 2281 in
1170 2229 1284 2282 filia
1309 2229 1430 2282 fieri
1454 2233 1688 2298 grauest.

368 2335 443 2390 81.
493 2335 709 2404 Nempe
734 2333 1153 2388 incommoditas
1182 2333 1554 2409 deniquqhuc
1581 2335 1758 2388 omnis
1783 2333 1946 2402 redit,
2225 2336 2264 2367 ⁸⁵

288 2439 348 2497 81
374 2439 611 2507 eueniat,
648 2438 797 2508 quod
824 2438 884 2491 di
908 2438 1251 2507 prohibeant,
1282 2438 1550 2494 discessio.

286 2544 365 2599 At
392 2544 439 2598 si
466 2542 767 2612 corrigitur,
804 2545 941 2611 quot
968 2542 1384 2597 commoditates
1409 2543 1540 2596 uide
1564 2562 1577 2597 :

286 2647 566 2716 Principio
594 2647 767 2700 amico
793 2645 972 2699 filium
997 2645 1322 2713 restitueris,

286 2751 409 2805 Tibi
435 2767 696 2820 generum
722 2750 943 2803 firmum
970 2753 1027 2802 et
1053 2749 1182 2802 filiae
1208 2749 1456 2802 inuenies
1481 2749 1684 2804 uirum.

366 2854 467 2908 011.
517 2853 663 2918 Quid
682 2852 805 2906 istic
828 2853 849 2906 ‘2
926 2851 987 2906 81
1011 2853 1092 2907 ita
1117 2853 1263 2906 istuc
1289 2852 1535 2906 animum
1559 2853 1784 2907 induxti
1810 2869 1925 2906 6666
1951 2853 2117 2924 utile,
2229 2857 2270 2888 ⁴⁰

287 2959 435 3012 Nolo
462 2958 567 3012 tibi
594 2958 771 3012 ullum
798 2957 1144 3011 commodum
1170 2957 1232 3011 in
1257 2974 1345 3010 me
1372 2956 1626 3012 claudier.

366 3062 444 3117 81.
492 3062 699 3115 Merito
724 3065 781 3114 te
810 3077 1020 3128 semper
1046 3061 1293 3114 maxumi
1319 3059 1444 3129 feci,
1477 3060 1720 3114 Chreme.

367 3167 468 3220 011.
519 3165 629 3220 Sed
657 3165 792 3236 quid
818 3164 896 3218 ais
920 3164 941 3218 2
1020 3164 1096 3218 81.
1147 3163 1335 3230 Quid?
1416 3164 1520 3220 011.
1570 3165 1680 3230 Qui
1705 3164 1810 3219 scis
1837 3181 1929 3219 eos
1967 3181 2124 3222 nunc
2155 3169 2269 3224 dis·

528 3271 751 3324 cordare
776 3270 923 3323 inter
937 3268 1046 3323 se?
1154 3257 1161 3262 ’
1679 3266 1684 3272 ’

364 3375 439 3431 81.
488 3376 651 3446 Ip'sus
675 3375 813 3429 mihi
838 3375 1043 3444 Dauos,
1074 3374 1174 3444 qui
1199 3374 1474 3428 intumust
1501 3392 1691 3430 eorum
1718 3375 1979 3444 consiliis,
2011 3375 2171 3434 dixit.
2209 3403 2222 3437 :

283 3483 358 3536 Et
383 3482 431 3546 is
457 3480 594 3534 mihi
620 3479 813 3533 suadet
840 3479 1063 3549 nuptias
1083 3483 1357 3548 quantum
1385 3496 1582 3548 queam
1607 3483 1674 3532 ut
1699 3482 1987 3534 maturem.
2228 3484 2269 3514 ⁴⁵

284 3584 441 3640 Num
468 3600 651 3640 censes
676 3582 898 3654 faceret,
927 3582 1103 3636 filium
1130 3581 1241 3636 nisi
1267 3582 1434 3636 sciret
1461 3583 1650 3636 eadem
1675 3582 1796 3637 haec
1820 3582 1964 3637 uelle
1987 3583 2008 3636 ‘2
