2342 3992
873 762 1517 830 PROLOGVS.

1087 902 1311 927 -φ-

379 1017 572 1071 Pomm
598 1034 765 1086 quom
789 1016 1030 1103 prii-imm
1055 1016 1304 1070 animum
1328 1017 1399 1070 ad
1426 1017 1773 1070 scribendum
1798 1017 2034 1094 adpulit,

379 1113 450 1178 Id
477 1113 582 1167 sibi
607 1113 795 1182 negoti
823 1113 1056 1166 credidit
1081 1113 1263 1166 solum
1290 1112 1427 1181 dari,

376 1209 591 1278 Populo
615 1214 684 1263 ut
707 1210 985 1278 placerent
1011 1226 1148 1278 quas
1174 1208 1389 1262 fecisset
1415 1208 1651 1264 fabulas.

377 1305 591 1359 Verum
618 1306 780 1359 aliter
807 1305 1026 1358 euenire
1052 1305 1231 1359 multo
1256 1303 1531 1372 intellegit
1559 1323 1573 1358 ε

297 1441 306 1449 -
376 1401 526 1456 Nam
550 1402 612 1455 in
636 1401 873 1472 prologis
899 1401 1207 1454 scribundis
1233 1417 1453 1469 operam
1479 1400 1747 1469 abutitur,

375 1497 509 1552 Non
535 1497 634 1568 qui
657 1501 1042 1567 argumentum
1067 1500 1271 1564 nai-ret,
1302 1497 1399 1550 sed
1425 1497 1524 1565 qui
1548 1497 1793 1552 malivoli

375 1593 594 1646 Veteris
609 1597 798 1664 ‚poetae
822 1592 1130 1646 maledictis
1155 1592 1499 1661 respondeat.

375 1688 562 1757 Nunc,
593 1706 760 1758 quam
783 1706 900 1741 rem
925 1688 1065 1742 uitio
1092 1689 1247 1756 dent,
1278 1705 1465 1757 quaeso
1490 1688 1737 1742 animum
1763 1691 2049 1746 attendite.

317 1782 342 1800 “
378 1784 686 1838 Menander
709 1785 842 1838 fecit
867 1784 1137 1838 Andriam
1163 1788 1221 1837 et
1248 1783 1607 1838 Perinthiam.

377 1879 488 1944 Qui
510 1880 780 1934 utramuis
805 1886 951 1934 recte
976 1881 1145 1948 norit,
1177 1880 1365 1934 ambas
1388 1879 1647 1933 nouerit:

379 1977 512 2030 Non
536 1976 618 2030 ita
642 1980 775 2030 sunt
801 1976 1053 2030 dissimili
1077 1980 1419 2045 argument0,
1452 1976 1548 2029 sed
1574 1980 1762 2030 tamen

376 2071 643 2126 Dissimili
667 2071 912 2126 oratione
939 2075 1072 2124 sunt
1097 2073 1258 2124 factae
1284 2089 1348 2125 ac
1374 2071 1516 2126 stilo.

381 2167 518 2232 Quae
545 2184 846 2221 conuenere
872 2166 933 2220 in
957 2166 1227 2220 Andriam
1253 2185 1322 2221 ex
1347 2167 1633 2221 Perinthia

379 2263 613 2316 Fatetur
637 2250 981 2315 transtulisse
1008 2265 1176 2331 atque
1202 2279 1365 2316 usum
1389 2280 1489 2332 pro
1516 2263 1644 2317 suis.

377 2359 447 2412 Id
475 2359 570 2412 isti
594 2359 914 2428 uituperant
939 2359 1148 2412 factum
1174 2362 1343 2427 atque
1368 2359 1429 2412 in
1455 2377 1520 2413 eo
1548 2360 1830 2428 disputant

379 2454 753 2508 Contaminari
779 2471 892 2507 non
918 2454 1107 2508 decere
1133 2455 1362 2508 fabulas.

378 2551 615 2604 Faciunt
640 2568 728 2604 nee
753 2550 1142 2618 intellegendo,
1174 2554 1241 2604 ut
1266 2550 1348 2603 nil
1373 2551 1709 2619 intellegant.

378 2645 488 2710 Qui
513 2663 680 2715 quom
704 2645 854 2699 hunc
879 2650 1154 2713 accusant,
1187 2645 1454 2699 Naeuium
1479 2644 1744 2700 Plautum
1770 2648 2012 2703 Ennium

379 2744 675 2811 Accusant‚
707 2758 845 2811 quos
871 2741 962 2822 hic
987 2746 1178 2796 noster
1203 2746 1451 2795 auctores
1476 2741 1663 2811 habet,

379 2837 624 2902 Quorum
651 2837 896 2892 aemulari
921 2841 1149 2906 exoptat
1175 2837 1563 2906 negligentiam

376 2933 573 2987 Potius
600 2949 768 3002 quam
791 2932 1026 2986 istorum
1052 2933 1338 2986 obscuram
1362 2932 1720 3000 diligentiam.

375 3028 590 3083 Dehinc
613 3031 681 3081 ut
707 3027 990 3096 quiescant
1015 3044 1178 3096 porro
1203 3044 1399 3080 moneo
1424 3030 1483 3080 et
1508 3027 1761 3082 desinant

375 3125 526 3178 Male
553 3125 750 3192 dicere,
780 3125 1070 3177 malefacta
1095 3141 1167 3176 ne
1194 3107 1424 3177 noscant
1449 3141 1560 3178 sua.

377 3221 606 3289 Fauete‚
635 3220 824 3274 adeste
849 3236 1010 3289 aequo
1036 3219 1222 3274 animo
1248 3223 1306 3273 et
1330 3237 1449 3272 rem
1476 3220 1798 3289 cognoscite,

376 3317 460 3370 Vt
485 3316 835 3386 pernoscatis,
865 3315 1063 3384 ecquid
1089 3315 1206 3384 spei
1231 3316 1304 3369 sit
1328 3316 1589 3369 relicuom
1613 3335 1627 3370 ε

376 3413 616 3467 Posthac
642 3429 779 3481 quas
805 3411 970 3465 faciet
995 3411 1066 3464 de
1091 3411 1307 3480 integro
1334 3411 1645 3479 comoedias,

381 3509 708 3580 Spectandae
734 3526 806 3562 an
836 3507 1121 3577 exigendae
1149 3508 1262 3561 sint
1288 3507 1444 3562 uobis
1470 3507 1637 3576 prius.
1738 3527 1749 3540 ·
