2342 3992
193 160 312 218 110
797 177 1561 222 HEAVTONTIMORVMENOS.

764 700 1058 767 AGTVS
1109 703 1494 767 II.—Scm1.
1525 703 1582 766 I.

1067 844 1291 877 ..ἤ-

272 988 361 1043 CL.
412 987 591 1052 Quam
615 987 796 1057 iniqui
821 991 952 1041 sunt
979 991 1163 1056 patres
1189 989 1250 1041 in
1277 988 1455 1042 omnis
1481 988 1845 1042 adulescentis
1870 987 2080 1044 iudices
2105 993 2119 1045 !
2140 989 2151 1000 '

193 1093 302 1158 Qui
327 1110 544 1161 aequom
571 1110 686 1146 esse
714 1096 936 1145 censent
961 1109 1064 1146 nos
1090 1110 1124 1145 a
1149 1093 1333 1161 pueris
1358 1092 1485 1146 ilico
1514 1093 1665 1147 nasci
1691 1111 1859 1148 seneS.

191 1197 390 1266 Neque
416 1197 636 1250 illarum
661 1195 868 1250 adfines
895 1213 1009 1249 esse
1035 1213 1237 1264 rerum,
1272 1214 1407 1265 quas
1433 1197 1543 1250 fert
1570 1197 1955 1252 adulescentia.

191 1302 280 1354 Ex
307 1319 407 1355 sua
445 1301 692 1355 lubidine
720 1300 769 1353 ei
793 1300 1166 1369 moderantur,
1212 1318 1361 1354 nunc
1401 1318 1526 1370 quae
1568 1305 1669 1369 est,
1713 1320 1827 1355 non
1867 1319 1993 1372 quae
2035 1303 2173 1357 olim

426 1405 550 1458 fuit.
1123 1452 1127 1457 .

193 1508 337 1562 Mihi
363 1508 411 1562 si
436 1525 700 1576 umquam
727 1507 872 1561 filius
900 1508 1022 1577 erit,
1055 1526 1144 1561 nee
1169 1509 1265 1561 ille
1291 1509 1439 1562 facili
1464 1527 1553 1562 me
1579 1513 1773 1563 utetur
1797 1513 1954 1578 patre
1983 1529 1997 1564 ε
2150 1509 2171 1539 ⁵

193 1613 252 1665 N
253 1631 342 1666 am
369 1617 426 1666 et
453 1613 810 1680 cognoscendi
836 1617 892 1666 et
919 1613 1247 1683 ignoscendi·
1261 1614 1485 1667 dabitur
1509 1614 1718 1683 peccati
1743 1614 1895 1666 locus
1923 1633 1936 1669 ε

191 1717 325 1770 Non
351 1722 417 1771 ut
443 1721 639 1786 meust,
672 1717 768 1786 qui
795 1717 932 1771 mihi
957 1735 1055 1786 per
1080 1718 1253 1771 alium
1279 1717 1523 1771 ostendit
1550 1735 1705 1772 suam
1730 1717 2075 1772 sententiam.

194 1823 340 1876 Perii
364 1841 376 1877 :
403 1823 450 1875 is
476 1823 572 1890 mi,
601 1821 702 1875 ubi
725 1822 937 1875 adbibit
962 1822 1087 1890 plus
1113 1821 1297 1890 paule,
1329 1838 1429 1874 sua
1454 1839 1581 1889 quae
1605 1826 1793 1890 narrat
1818 1822 2094 1876 facinora!

191 1929 250 1980 N
251 1945 360 1982 unc
385 1926 464 1982 ait
496 1930 513 1958 ‘
531 1927 796 1997 periclum
823 1946 893 1982 ex
917 1928 1038 1981 aliis
1063 1927 1246 1995 facito,
1280 1926 1384 1980 tibi
1410 1926 1545 1995 quid
1572 1944 1641 1980 ex
1665 1945 1773 1981 usu
1800 1928 1941 1982 siet!

95 2072 110 2092 .
189 2034 428 2087 Astutus
452 2052 464 2089 :
504 2051 593 2086 nae
619 2034 714 2086 ille
740 2033 890 2086 haud
917 2033 1038 2099 scit,
1070 2050 1239 2100 quam
1264 2031 1402 2084 mihi
1428 2049 1578 2085 nunc
1603 2032 1769 2086 surdo
1794 2037 1981 2087 narret
2007 2034 2168 2087 fabu-

428 2137 554 2190 lam·
2124 2136 2166 2167 10

192 2241 372 2310 Magis
397 2257 546 2293 nunc
571 2257 660 2292 me
686 2239 874 2292 amicae
902 2239 1049 2293 dicta
1076 2239 1365 2293 stimulant
1407 2242 1424 2270 ‘
1445 2241 1517 2294 da
1541 2241 1680 2294 mihi
1699 2241 1715 2268 ’
1754 2244 1923 2310 atque
1969 2244 1986 2272 ‘
2006 2242 2167 2296 adfer

427 2344 625 2399 mihi':

192 2449 336 2514 Quoi
387 2448 537 2517 quod
589 2447 943 2516 respondeam
995 2448 1078 2501 nil
1141 2448 1318 2502 habeo
1347 2467 1359 2503 :
1426 2466 1606 2518 neque
1672 2466 1760 2502 me
1813 2451 2165 2520 quisquamst

427 2551 686 2605 miserior.

194 2659 253 2711 N
253 2676 344 2712 am
368 2657 459 2710 hic
485 2656 679 2724 Clinia,
724 2657 830 2710 etei
853 2656 902 2710 is
928 2674 1148 2726 quoque
1190 2665 1411 2710 suarum
1450 2674 1633 2710 rerum
1674 2661 1759 2711 sat
1798 2659 1931 2727 agit,
1975 2662 2167 2714 tamen

425 2761 594 2816 habet

191 2868 342 2920 Bene
369 2869 426 2920 et
452 2865 648 2935 pudice
674 2866 931 2919 eductam
957 2869 1014 2918 et
1041 2866 1177 2918 artis
1201 2865 1448 2934 ignaram
1473 2866 1806 2921 meretriciae.

191 2971 376 3025 Meast
399 2971 675 3039 inpotem,
707 2988 927 3040 procax,
957 2971 1259 3038 magnifica,
1294 2975 1633 3041 sumptuosa,
1664 2972 1877 3027 nobilis.
2128 2973 2168 3004 ¹⁵

190 3077 332 3130 Tum
371 3075 521 3144 quod
559 3074 687 3128 dem
726 3075 795 3142 ei,
845 3076 862 3104 ‘
881 3079 1029 3128 recte
1049 3075 1064 3102 '
1105 3078 1228 3128 est:
1268 3092 1399 3127 nam
1437 3075 1519 3128 nil
1571 3093 1687 3130 esse
1732 3077 1871 3130 mihi
1917 3078 2171 3146 religiost

429 3177 620 3233 dicere.

195 3283 320 3338 Hoc
345 3300 446 3352 ego
471 3283 604 3336 mali
628 3296 741 3335 non
767 3279 979 3350 pridem
1004 3280 1198 3334 inueni
1224 3298 1237 3336 ε
1264 3297 1445 3350 neque
1471 3281 1776 3337 etiamdum
1802 3283 1905 3338 scit
1930 3288 2105 3354 pater.
