2342 3992
269 147 385 204 116
861 160 1619 236 ΗΕΑνΤφΝΤῙΜοΒνΜΕΝοε.

343 311 490 364 Om‘r.
539 309 687 374 Quid
733 329 834 380 ago
882 330 1031 366 nunc
1054 312 1075 366 ’ἱ
1176 314 1335 369 ΟΜΝ.
1383 313 1538 366 Tune
1561 313 1581 366 ‘3
1621 313 1770 381 quod
1816 313 1948 365 boni
1967 344 2052 354 —
2075 313 2213 366 Onu:

501 415 654 484 Syre,
686 415 776 468 dic
804 417 966 469 modo

264 517 489 572 Verum.
577 519 670 573 SY.
717 520 836 588 Age
863 520 1028 574 modo
1053 539 1066 575 :
1107 520 1269 574 hodie
1296 537 1416 574 sero
1444 538 1507 574 ac
1532 520 1897 590 nequicquam
1921 521 2093 574 uoles,

344 622 502 676 ΟΜΝ.
552 623 732 691 datur,
763 625 945 677 fruare
971 624 1108 677 dum
1133 625 1263 678 licet
1288 643 1300 680 ε
1340 642 1469 678 nam
1495 625 1785 678 nescias—

303 781 314 788 ·
345 725 492 780 Cur.
535 726 678 812 Syre
703 727 944 796 inquam.
1034 727 1125 782 SY.
1175 728 1348 797 Perge
1372 746 1549 798 pon-0,
1579 733 1766 782 tamen
1791 728 1935 782 istuc
1962 747 2083 798 ago,
2180 726 2239 758 ¹⁰⁵

347 829 506 884 emt.
555 830 672 884 eius
699 831 771 885 sit
796 836 1038 900 potestas
1063 833 1291 901 posthac
1316 851 1389 886 an
1414 850 1719 901 numquam
1743 832 1863 886 tibi.

347 937 495 992 Gm‘r.
553 936 765 991 Verum
809 939 988 992 hercle
1031 939 1177 992 istuc
1223 942 1321 992 est.
1412 939 1562 1006 Syre,
1612 937 1746 1005 Syre
1793 923 2042 1006 inquam,
2094 937 2237 991 heus

504 1041 659 1109 heus,
691 1041 840 1110 Syre.

348 1143 440 1197 SY.
489 1143 789 1200 concaluit.
858 1145 992 1214 quid
1020 1146 1147 1199 uis?
1226 1145 1374 1210 01411.
1423 1144 1584 1212 Redi,
1616 1143 1747 1198 redi.
1838 1144 1929 1198 SY.
1978 1144 2199 1198 Adsum
2224 1167 2236 1199 ε

407 1249 410 1254 ’
497 1250 594 1312 ι(110
621 1250 759 1318 quid
785 1255 870 1304 est
893 1251 914 1304 Ἰ

269 1352 390 1404 Iam
415 1352 520 1405 hoc
546 1370 765 1424 quoque
791 1354 1014 1422 negabis
1037 1354 1144 1408 tibi
1169 1355 1393 1424 placere.
1486 1353 1635 1411 Cur.
1683 1353 1879 1422 ImmO,
1912 1353 2051 1422 Syre
2080 1373 2093 1408 t

270 1454 349 1510 Et
373 1474 462 1510 me
489 1461 548 1509 et
571 1475 758 1511 meum
783 1476 1023 1512 amorem
1049 1461 1109 1514 et
1134 1461 1337 1513 famam
1363 1460 1624 1529 permitto
1650 1460 1770 1516 tibi.
2186 1458 2241 1489 ¹¹⁰

269 1562 354 1614 Tu
381 1578 438 1614 es
463 1561 633 1614 iudex
657 1580 670 1616 ε
710 1563 918 1631 nequid
945 1564 1281 1617 accusandus
1308 1564 1381 1617 sis
1407 1562 1551 1618 uide.

351 1664 443 1720 SY.
491 1663 863 1718 Ridiculumst
887 1670 945 1719 te
971 1667 1113 1720 istuc
1139 1684 1227 1719 me
1253 1666 1561 1734 admonere,
1595 1665 1838 1735 Clitipho
1863 1685 1875 1719 :

272 1769 441 1834 Quasi
465 1770 590 1823 istic
614 1788 737 1824 mea
762 1789 849 1824 res
876 1771 1057 1825 minor
1082 1775 1279 1840 agatur
1306 1789 1471 1840 quam
1498 1776 1611 1824 tua.

272 1875 382 1928 Hic
407 1874 589 1943 siquid
615 1875 774 1928 nobis
799 1876 943 1929 forte
969 1875 1189 1929 aduorsi
1215 1875 1479 1942 euenerit‚

272 1981 394 2033 Tibi
420 1984 585 2034 erunt
609 1985 800 2048 parata
824 1981 1012 2048 uerba,
1043 1979 1174 2034 huic
1198 1980 1409 2033 homini
1435 1979 1663 2033 uerbera
1690 1999 1701 2032 ε
2188 1978 2241 2009 ¹¹³

272 2086 615 2156 Quapropter
638 2087 757 2141 haec
781 2105 869 2140 res
894 2087 1219 2154 neutiquam
1243 2086 1549 2154 neglectust
1576 2085 1727 2140 mihi.
1784 2071 1795 2079 ⁸

273 2192 382 2245 Sed
406 2189 592 2245 istunc
617 2209 800 2256 exora,
830 2195 897 2244 ut
924 2209 1079 2244 suam
1105 2209 1221 2244 esse
1247 2191 1553 2245 adsimulet.
1642 2189 1803 2245 ΟΜΝ.
1853 2190 2072 2244 Scilicet

272 2296 574 2349 Facturum
597 2313 687 2349 me
714 2313 828 2348 esse
857 2313 871 2349 ε
910 2295 971 2348 in
999 2312 1127 2348 eum
1153 2295 1265 2347 iam
1291 2313 1378 2348 res
1403 2295 1568 2348 rediit
1594 2295 1795 2362 locum,

274 2400 357 2452 Vt
383 2400 456 2452 sit
480 2417 744 2454 necessus.
836 2399 984 2452 Om.
1034 2399 1239 2451 Merito
1262 2402 1320 2451 te
1346 2415 1489 2466 amc,
1516 2397 1705 2451 Clinia.

352 2503 510 2558 ΟΜΝ.
559 2503 771 2557 Verum
797 2503 892 2556 illa
916 2502 1125 2571 nequid
1151 2502 1373 2556 titubet.
1464 2501 1555 2556 SY.
1591 2502 1912 2555 Perdoctast
1938 2503 2124 2572 probe.
2180 2500 2237 2530 ¹²⁰

353 2607 500 2662 Om'r.
548 2608 626 2660 At
651 2607 755 2660 hoc
781 2605 1034 2673 demiror,
1066 2601 1307 2675 qui'tam
1334 2605 1491 2658 facile
1518 2606 1761 2674 potueris

273 2711 607 2764 Persuadere
632 2710 732 2778 illi,
765 2727 875 2779 qua
900 2710 1040 2763 solet
1067 2726 1205 2778 quos
1232 2726 1482 2777 spernere
1510 2712 1522 2762 ἒ

353 2816 445 2869 SY.
493 2793 565 2868 In
590 2819 834 2882 tempore
860 2813 932 2866 ad
959 2830 1080 2866 eam
1106 2813 1252 2879 ueni,
1288 2813 1437 2882 quod
1464 2830 1647 2866 rerum
1673 2815 1973 2868 omniumst

274 2920 523 2973 Primum
548 2938 560 2974 ε
601 2936 731 2971 nam
757 2917 1034 2985 quendam
1058 2918 1253 2970 misere
1280 2916 1483 2970 offendi
1508 2917 1743 2970 militem

275 3025 409 3077 Eius
435 3027 652 3076 noctem
679 3026 927 3075 orantem
951 3041 963 3076 :
1003 3022 1122 3074 haec
1149 3026 1267 3074 arte
1292 3021 1565 3074 tractabat
1591 3022 1793 3090 uirum,
2188 3021 2243 3054 ¹²⁵

275 3132 356 3185 Vt
382 3132 530 3184 illius
557 3131 804 3184 animum
830 3129 1091 3197 cupidum
1116 3129 1304 3196 inopia
1329 3128 1646 3181 incenderet
1672 3148 1683 3182 ε

275 3236 590 3303 Eademque
614 3239 681 3288 ut
708 3239 848 3286 esset
873 3234 1022 3302 apud
1047 3237 1105 3286 te
1131 3234 1237 3292 hon
1264 3249 1431 3301 quam
1456 3232 1858 3300 gratissumum.

278 3340 385 3393 Sed
413 3340 549 3392 heus
575 3343 659 3406 tu,
692 3339 822 3391 uide
848 3339 923 3390 sis
949 3337 1485 3404 nequid'inprudens
1509 3354 1652 3390 ruas.

278 3443 500 3496 Patrem
525 3443 733 3495 nouisti
756 3442 829 3495 ad
855 3442 953 3495 has
979 3458 1065 3493 res
1093 3457 1260 3508 quam
1287 3440 1361 3493 sit
1385 3440 1667 3509 perspicax
1693 3459 1705 3494 :

279 3550 395 3618 Ego
422 3553 478 3601 te
505 3552 690 3601 autem
716 3527 849 3599 noui
875 3561 1041 3614 quam
1067 3561 1183 3597 esse
1211 3545 1381 3598 soleas
1408 3545 1665 3612 inpotens
1687 3561 1702 3599 ε
2190 3544 2241 3578 ¹³⁰
