2342 3992
956 173 982 198 ἱ
1002 165 1265 208 ANDRIA.

146 318 325 385 Quam
350 336 454 388 ego
479 319 666 372 animo
693 318 904 387 egregie
932 335 1113 371 caram
1137 335 1239 386 pro
1264 335 1435 370 uxore
1462 317 1749 371 habuerim
1773 318 1793 373 Ἰ

145 427 296 479 Bene
321 429 381 478 et
405 425 606 494 pudice
633 425 750 477 eius
776 425 1006 478 doctum
1032 428 1202 493 atque
1229 424 1494 477 eductum
1520 423 1699 477 sinam

145 531 410 584 Coactum
433 532 678 598 ,egestate
704 529 986 597 ingenium
1011 529 1335 582 inmutarier
1358 529 1379 582 ἵ

144 637 200 690 N
203 654 277 690 on
304 631 532 690 faciam'
608 635 729 688 Mv.
778 635 953 688 Haud
979 652 1190 702 uerear,
1221 635 1269 686 si
1293 635 1355 688 in
1378 638 1438 687 te
1465 633 1539 686 sit
1565 634 1683 687 solo
1710 633 1880 687 situm
1908 653 1921 688 ε

145 741 255 794 Sed
280 746 349 794 ut
375 741 493 794 uim
520 757 687 809 queas
712 740 868 794 ferre.
958 739 1061 793 ΡΑ.
1111 741 1310 792 Adeon
1335 756 1425 792 me
1450 740 1708 807 ignauom
1734 743 1919 808 putas,
1990 749 1995 753 ’

143 846 344 900 Adeon
368 863 532 914 porro
558 846 836 914 ingratum
863 848 965 898 aut
990 845 1357 898 inhumanum
1382 850 1481 897 aut
1508 845 1705 911 ferum,

142 949 227 1003 Vt
253 967 434 1018 neque
461 967 550 1002 me
578 949 916 1002 consuetudo
941 966 1120 1017 neque
1146 964 1300 1001 amor
1323 965 1503 1016 neque
1528 946 1708 1015 pudor

143 1053 503 1108 commoueat
529 1070 706 1122 neque
734 1057 1094 1119 commoneat,
1125 1055 1191 1105 ut
1218 1068 1429 1104 seruem
1456 1049 1663 1103 fidem?

221 1159 344 1214 MY.
393 1156 586 1211 Vnum
610 1158 714 1210 hoc
739 1157 867 1224 scic,
899 1173 1014 1209 esse
1039 1156 1309 1222 meritam,
1341 1159 1407 1208 ut
1432 1170 1642 1209 memor
1667 1170 1809 1207 esses
1834 1153 1935 1206 sui.

221 1263 325 1316 ΡΛ,
376 1263 595 1316 Memor
620 1279 792 1315 essem
815 1261 836 1314 2
915 1259 963 1314 Ο
991 1260 1170 1328 Mysis
1197 1259 1393 1328 Mysis,
1424 1259 1593 1312 etiam
1618 1274 1767 1312 nunc
1792 1257 1929 1310 mihi

143 1367 364 1436 Scripta
387 1367 484 1419 illa
511 1366 660 1419 dicta
687 1369 817 1418 sunt
843 1365 904 1418 in
930 1364 1113 1418 animo
1141 1363 1423 1432 Chrysidis

141 1471 228 1524 De
257 1470 532 1539 Glycerio,
614 1469 656 1522 J
656 1487 746 1524 am
771 1469 942 1522 ferme
967 1468 1205 1521 moriens
1229 1485 1319 1520 me
1345 1471 1509 1521 uocat
1536 1484 1550 1521 τ

141 1575 366 1628 Accessi
393 1594 406 1628 :
445 1592 546 1628 uos
571 1577 806 1627 semotae.
895 1572 1017 1626 Nos
1043 1573 1146 1625 soli
1171 1591 1185 1626 z
1226 1571 1419 1640 incipit

146 1684 164 1710 ‘
185 1679 276 1733 Mi
301 1679 608 1749 Pamphile,
638 1678 804 1732 huius
831 1678 1065 1731 formam
1092 1680 1261 1746 atque
1288 1681 1511 1730 aetatem
1537 1690 1694 1728 umes
1722 1693 1737 1731 ε

141 1784 202 1849 N
203 1803 266 1838 ec
292 1785 435 1838 clam
461 1788 517 1836 te
545 1787 646 1850 est,
679 1800 846 1850 quam
870 1781 955 1834 illi
978 1786 1231 1848 utraeque
1257 1795 1345 1832 res
1370 1796 1521 1832 nunc
1544 1779 1713 1832 utiles

142 1890 220 1942 Et
246 1889 318 1942 ad
345 1888 668 1957 pudicitiam
695 1889 752 1939 et
777 1887 849 1939 ad
876 1903 992 1939 rem
1018 1883 1312 1938 tutandam
1339 1883 1495 1938 sient.

142 1994 308 2058 Quod
334 2011 434 2062 ego
452 2011 550 2062 per
573 1994 716 2046 hanc
741 1996 801 2045 te
827 1992 1078 2044 dextram
1104 2007 1199 2042 oro
1226 1992 1283 2042 et
1308 1988 1531 2056 genium
1556 1991 1730 2056 tuom,

141 2099 254 2152 Per
277 2103 436 2151 tuam
461 2097 628 2151 fidem
653 2113 859 2165 perque
885 2096 1051 2149 huius
1079 2094 1434 2148 solitudinem

141 2203 220 2256 'l'e
248 2203 512 2268 obtestor,
542 2218 614 2254 ne
641 2200 738 2254 abs
762 2204 821 2253 te
847 2200 990 2252 hanc
1016 2215 1260 2267 segreges
1286 2216 1396 2252 neu
1422 2196 1651 2252 deseras,

142 2307 204 2361 Si
229 2311 287 2359 te
315 2307 375 2359 in
401 2304 647 2374 germani
671 2304 857 2357 fratris
883 2303 1054 2357 dilexi
1079 2303 1218 2370 1000,

144 2412 275 2464 Siue
301 2409 421 2462 haec
445 2412 504 2461 te
531 2408 708 2461 solum
735 2425 946 2476 semper
970 2406 1100 2460 fecit
1127 2406 1375 2459 maxumi

143 2513 256 2566 Seu
280 2512 388 2566 tibi
411 2511 678 2580 morigera
701 2511 812 2564 fuit
837 2511 897 2563 in
923 2510 1088 2563 rebus
1114 2510 1386 2577 omnibus,

142 2619 220 2672 Te
246 2618 343 2671 isti
370 2618 555 2670 uirum
581 2617 673 2684 do,
705 2616 960 2683 amicum,
992 2619 1255 2683 tutorem,
1283 2618 1496 2684 patrem
1524 2632 1537 2668 :

143 2725 303 2777 Bona
329 2726 518 2774 nostra
542 2721 661 2774 haec
686 2720 793 2773 tibi
819 2720 1080 2789 permitto
1107 2722 1164 2772 et
1191 2721 1306 2772 tuae
1332 2718 1536 2771 mando
1562 2715 1731 2773 fidei.’

141 2827 310 2880 Hanc
335 2825 413 2878 mi
437 2826 496 2878 in
523 2813 748 2878 manum
775 2823 872 2877 dat
898 2842 910 2878 :
950 2840 1098 2876 mors
1125 2823 1387 2876 continuo
1412 2821 1590 2890 ipsam
1616 2826 1860 2897 occupat.

142 2930 386 2998 Accepi:
426 2933 704 2998 acceptam
731 2928 972 2982 seruabo,
1061 2927 1183 2980 MY.
1232 2926 1324 2980 Ita
1350 2943 1507 2995 spero
1534 2926 1771 2995 quidem.

2044 149 2118 210 15

2075 1043 2117 1076 ⁴6

223 3034 328 3088 ΡΑ.
377 3033 486 3087 Sed
525 3051 666 3102 quor
703 3037 770 3086 tu
809 3033 927 3086 abis
962 3033 1034 3086 ab
1069 3031 1211 3086 illa?
1316 3030 1435 3085 MY.
1485 3031 1850 3085 Obstetricem
1888 3049 2110 3086 arcesso,

384 3138 488 3192 ΡΑ.
537 3137 791 3206 Propera.
882 3138 1069 3206 Atque
1096 3135 1313 3189 audin?

143 3243 398 3298 Verbum
443 3258 620 3294 unum
667 3258 798 3294 caue
843 3241 912 3294 de
959 3240 1190 3309 nuptiis,
1242 3257 1313 3292 ne
1356 3239 1428 3293 ad
1474 3238 1727 3294 morbum
1771 3239 1875 3292 hoc
1928 3240 2109 3294 etiam.

385 3345 506 3401 MY.
555 3345 750 3401 Teneo-

1700 3459 1787 3516 &l
