2342 3992
759 181 1513 226 nmvmn‘nuonvunnos.
2000 172 2115 229 121

149 334 301 400 Quid
327 337 385 388 te
409 335 664 388 futurum
689 351 894 402 cense8,
925 349 1090 402 quem
1115 333 1344 387 adsidue
1370 333 1644 387 exedent'l

150 439 243 494 Sic
266 456 356 492 me
384 438 444 493 di
468 439 751 508 amabunt,
781 441 848 491 ut
872 455 961 491 me
986 442 1211 492 tuamm
1235 437 1613 506 miseritumst,

150 544 495 612 Menedemo,
524 544 887 597 fortunarum.
976 543 1092 597 Mn.
1139 542 1331 598 Faciat
1358 543 1649 612 quidlubet
1676 563 1689 598 ε
2077 544 2119 575 ⁵⁵

149 647 348 702 Sumat
373 651 660 702 consumat
683 647 894 717 perdat,
925 647 1261 701 decretumst
1286 649 1421 716 pati,
2094 703 2097 706 ,

149 753 302 808 Dum
326 754 487 807 illum
510 753 676 806 modo
701 753 934 806 habeam
959 769 1190 807 mecum.
1278 751 1379 807 011.
1428 752 1488 806 Si
1514 757 1779 808 certumst
1804 754 1908 808 tibi
2016 787 2073 832 f

151 857 242 911 Sic
265 857 460 927 facere,
489 857 631 911 illud
656 857 939 927 permagni
961 858 1162 911 referre
1187 857 1439 925 arbitror,
1987 884 1999 894 ·
2068 841 2109 888 ‘i'

150 960 236 1015 Vt
259 979 332 1014 ne
357 961 618 1014 scientem
643 961 844 1014 sentiat
869 964 927 1014 te
952 961 1011 1015 id
1038 960 1144 1015 sibi
1174 960 1318 1016 dare.

231 1064 346 1118 Mn.
395 1063 543 1128 Quid
561 1063 788 1117 faciam?
828 1063 1198 1128 011.Quiduis
1212 1065 1397 1133 potius
1418 1081 1585 1134 quam
1604 999 1754 1134 qued
1774 1068 2013 1136 cogitas:
2078 1067 2115 1099 ‘⁵‘

149 1168 262 1220 Per
285 1168 458 1221 alium
483 1168 736 1236 quemuis
761 1171 828 1220 ut
853 1167 987 1223 dee.
1027 1167 1149 1221 falli
1171 1171 1231 1222 te
1258 1168 1404 1221 sinas

149 1271 381 1324 Technis
405 1289 504 1340 per
529 1271 802 1324 seruolum
826 1287 841 1325 ι
867 1271 973 1324 etsi
997 1270 1248 1324 s'ubsensi
1271 1271 1331 1325 id
1358 1287 1596 1341 quoque,

149 1378 286 1431 Illos
312 1378 392 1431 ibi
416 1395 550 1446 esee,
579 1377 640 1431 id
665 1395 821 1446 agere
847 1377 994 1430 inter
1019 1395 1077 1430 se
1103 1378 1429 1432 clanculum.

149 1481 322 1550 Syrus
350 1499 476 1535 cum
500 1482 596 1535 illo
622 1485 810 1534 uestro
837 1485 1245 1549 consusurrant,
1274 1482 1565 1535 conferunt

147 1584 388 1638 Consilia
414 1584 486 1637 ad
510 1584 873 1638 adulescentis
897 1603 910 1639 ι
937 1587 996 1637 et
1021 1583 1126 1637 tibi
1149 1585 1375 1654 perdere
2076 1585 2117 1616 ⁶⁴³

145 1691 441 1744 Talentum
465 1691 570 1744 hoc
595 1695 754 1759 pacto
781 1691 951 1772 satius
977 1694 1063 1744 est
1089 1708 1257 1760 quam
1281 1691 1379 1744 illo
1404 1692 1623 1747 minam.

147 1796 281 1849 Non
307 1813 456 1849 nunc
480 1795 712 1864 pecunia
736 1795 935 1863 agitur,
965 1795 1063 1848 aed
1088 1794 1247 1863 illud,
1278 1795 1553 1863 quomodo

145 1901 405 1954 Minumo
429 1900 631 1969 periclo
656 1900 716 1953 id
742 1900 935 1953 demus
960 1899 1383 1954 adulescentulo,

144 2005 294 2058 Nam
320 2005 368 2058 si
393 2005 562 2059 semel
586 2009 742 2058 tuom
768 2005 1014 2059 animum
1038 2006 1132 2059 ille
1157 2005 1513 2075 intellexerit,

143 2110 308 2163 Prius
333 2109 679 2179 proditurum
704 2114 762 2164 te
787 2113 942 2163 tuam
965 2110 1143 2163 uitam
1167 2112 1227 2163 et
1251 2110 1404 2178 prius
1970 2121 1981 2130 ‘
2071 2107 2111 2146 ⁷⁰

143 2215 444 2269 Pecuniam
470 2231 707 2282 omnem,
739 2232 906 2284 quam
931 2215 1028 2267 abs
1055 2218 1113 2268 te
1139 2214 1362 2267 amittas
1388 2214 1564 2268 filium
1594 2234 1605 2268 :
1646 2215 1761 2283 hui,

142 2315 424 2380 Quantam
448 2318 746 2371 fenestram
770 2317 842 2370 ad
867 2317 1171 2386 nequitiem
1197 2317 1529 2386 patefeceris,

144 2421 272 2474 Tibi
295 2425 483 2474 autem
506 2437 668 2490 porro
693 2423 761 2474 ut
786 2437 899 2474 non
925 2421 998 2474 sit
1025 2437 1195 2474 suane
1220 2421 1408 2474 uiuere
1435 2425 1447 2474 Ξ

145 2503 294 2578 Nam
321 2525 612 2578 deteriores
639 2541 827 2578 omnes
851 2540 1041 2578 sumus
1065 2524 1303 2578 licentia.

143 2629 308 2694 Quod
332 2646 608 2699 quomque
633 2628 886 2684 inciderit
910 2628 971 2682 in
995 2633 1257 2698 mentem,
1290 2629 1440 2682 uolet
1463 2647 1476 2684 :
1529 2647 1708 2699 neque
1733 2630 1792 2682 id
2012 2656 2025 2672 ·
2070 2629 2109 2666 ⁷⁵

141 2734 394 2802 Putabit,
424 2750 654 2803 prauom
679 2734 786 2787 siet
811 2751 882 2787 an
907 2736 1122 2786 rectum
1147 2734 1298 2802 quod
1321 2737 1487 2803 petet.

145 2839 233 2891 Tu
257 2855 376 2891 rem
399 2839 574 2906 perire
600 2842 658 2892 et
685 2837 866 2906 ipsum
890 2855 1005 2890 non
1029 2837 1234 2906 poteris
1259 2837 1389 2906 pati.

141 2941 289 2994 Dare
315 2940 594 3009 denegaris
619 2959 632 2996 ι
658 2940 764 2994 ibit
788 2939 860 2993 ad
885 2940 1026 2994 illud
1050 2940 1195 3008 ilice,

141 3045 269 3110 Quo
292 3061 549 3099 maxume
575 3045 724 3114 apud
747 3049 806 3100 te
833 3063 890 3099 ee
916 3045 1100 3098 ualere
1126 3044 1343 3112 sentiet,

137 3150 442 3205 Abiturum
468 3167 525 3202 se
549 3150 648 3204 abs
674 3153 732 3202 te
763 3165 878 3202 esse
903 3148 1027 3202 ilico
1051 3149 1366 3204 minabitur.
2072 3149 2110 3182 ³⁰
2204 3167 2211 3172 ·

218 3253 336 3308 Mn.
383 3253 591 3308 Videre
615 3270 750 3307 uera.
773 3255 940 3321 atque
965 3251 1047 3305 ita
1070 3251 1159 3306 uti
1182 3269 1270 3305 res
1294 3254 1380 3306 est
1406 3250 1597 3306 dicere.

176 3405 183 3414 .
219 3359 322 3412 011.
371 3357 639 3412 Somnum
664 3357 845 3410 hercle
871 3373 970 3424 ego
997 3357 1100 3410 hac
1124 3360 1287 3410 nocte
1314 3356 1485 3410 oculis
1508 3372 1622 3409 non
1648 3356 1768 3410 uidi
1794 3357 1946 3420 moia,

177 3435 291 3516 'um
316 3462 375 3515 id
402 3478 608 3530 quaero,
638 3462 744 3515 tibi
769 3461 867 3530 qui
891 3461 1068 3513 filium
1092 3461 1450 3514 restituerem.

221 3565 335 3619 Mn.
383 3565 530 3621 Cedo
556 3567 806 3620 dextram
836 3584 848 3620 :
875 3582 1036 3640 porro
1060 3568 1118 3618 te
1144 3565 1291 3618 idem
1320 3581 1415 3618 oro
1441 3567 1508 3618 ut
1533 3563 1715 3632 facias,
1748 3564 1987 3619 Chreme.

1886 3679 1918 3713 ο
