2342 3992
1056 149 1318 193 mnam.
2136 130 2169 192 7

200 303 362 356 Vnus
389 307 448 356 et
472 303 609 356 item
633 283 814 356 alter:
854 301 936 354 ita
959 306 1026 355 ut
1050 281 1390 370 ingeniumst
1415 299 1663 354 omnium
2128 295 2174 328 ⁸⁰

200 407 510 460 Hominum
535 407 604 460 ab
631 407 816 459 labore
841 405 1082 474 procliue
1109 405 1182 458 ad
1207 404 1531 472 lubidinem,

155 518 162 524 '
201 509 439 582 Accepit'
456 483 852 588 condicionem,
879 484 1010 564 (18111
1037 515 1313 579 quaestum
1339 509 1549 579 occipit.

202 618 313 682 Qui
336 623 462 671 tum
487 618 640 670 illam
665 617 944 684 amabant,
977 617 1138 684 forte,
1168 616 1251 669 ita
1276 619 1343 670 ut
1368 615 1453 684 fit,
1484 613 1663 669 filium

202 721 519 774 Perduxere
545 721 694 788 illuc,
727 738 911 773 secum
939 725 1004 772 ut
1030 723 1331 787 unaesset,
1362 736 1562 773 meum.

200 824 433 893 Egomet
461 825 722 878 continuo
748 842 964 879 mecum
995 827 1160 878 ‘certe
1188 828 1381 893 captus
1406 828 1491 877 est
1515 842 1529 878 ε

200 928 389 982 Habet
400 930 428 984 .'
513 930 886 984 Obseruabam
910 948 1072 984 mane
1095 931 1320 984 illorum
1347 930 1589 983 seruolos

201 1031 495 1085 Venientis
521 1037 619 1086 aut
647 1028 902 1091 abeuntis
928 1051 944 1088 2
983 1033 1289 1101 rogitabam
1320 1035 1337 1062 ‘
1358 1033 1494 1085 heus
1520 1048 1675 1101 puer,

199 1135 304 1188 Dic
330 1136 508 1204 sodeS,
541 1137 664 1204 quis
688 1137 808 1208 heri
835 1136 1160 1206 Chrysidem
1186 1136 1383 1190 habuit
1408 1135 1429 1189 2
1453 1136 1469 1164 '
1502 1153 1642 1190 118111
1668 1134 1897 1188 Andriae

200 1241 296 1292 Illi
319 1241 380 1293 id
407 1246 526 1316 erat
551 1241 828 1344 1101118111υ
855 1241 945 1296 So,
993 1242 1191 1296 Teneo,
1280 1241 1359 1295 SI.
1408 1241 1709 1294 Phaedrum
1735 1244 1833 1294 aut
1860 1239 2095 1294 Cliniam

200 1344 474 1399 Dicebant
500 1349 597 1399 aut
625 1347 700 1400 N
683 1351 992 1411 icat-etum
1031 1365 1161 1400 nam
1187 1346 1249 1399 hi
1272 1351 1387 1400 tres
1410 1351 1534 1400 tum
1560 1345 1725 1400 simul
2132 1341 2175 1373 ⁶⁰

73 1449 86 1454 ’
198 1449 496 1504 Amabant.
614 1452 631 1480 ‘
648 1451 787 1520 Eho,
865 1450 1000 1520 quid
1054 1450 1379 1518 Pamphilus
1402 1450 1453 1504 ’ζ’
1565 1452 1582 1480 ‘
1601 1448 1789 1514 Quid?
1871 1449 2173 1519 symbolam

198 1553 388 1620 Dedit,
422 1553 678 1608 cenauit!
699 1543 706 1551 ⁵
761 1554 1098 1608 Gaudebam
1186 1554 1333 1607 Item
1359 1554 1467 1607 8110
1494 1553 1583 1607 (118

201 1655 567 1720 Quaerebam:
609 1658 1006 1725 comperiebam
1029 1657 1112 1710 nil
1137 1657 1210 1711 ad
1236 1658 1589 1725 Pamphilum

201 1759 510 1828 Quicquam
534 1761 782 1816 attinere.
870 1761 1166 1814 Enimuero
1193 1765 1501 1829 spectatum
1526 1761 1660 1814 satis

202 1865 482 1919 Putabam
508 1869 566 1940 et
591 1881 855 1935 magnum
881 1867 1199 1935 exemplum
1224 1865 1577 1919 continentiae
1606 1885 1619 1920 ε

199 1969 353 2023 ,Nam
379 1970 477 2038 qui
503 1988 629 2024 cum
655 1971 887 2040 ingeniis
914 1972 1263 2024 conflictatur
1288 1970 1559 2023 eiusmodi

202 2072 403 2142 Neque
431 2080 809 2128 commouetur
834 2049 1050 2128 animus
1076 2076 1137 2128 in
1163 2091 1229 2128 ea
1253 2093 1313 2128 re
1336 2079 1544 2143 tamen,

201 2175 353 2229 Scias
379 2193 534 2245 posse
561 2177 761 2230 habere
786 2178 901 2232 iam
923 2179 1105 2247 ipsum
1131 2196 1249 2232 81188
1272 2179 1674 2233 uitae-modum.
1770 2183 1774 2187 '

201 2279 385 2344 Quom
409 2281 469 2334 id
494 2281 633 2334 mihi
657 2283 924 2351 placebat,
954 2287 1080 2336 tum
1105 2300 1220 2336 uno
1247 2300 1338 2336 ore
1366 2300 1553 2336 omnes
1580 2284 1763 2338 omnia

201 2383 362 2437 Bona
387 2362 565 2437 dicere
593 2377 899 2450 et'laudare
925 2387 1178 2440 fortunas
1204 2404 1373 2454 111888,
2130 2383 2177 2412 ⁷⁰

203 2487 312 2554 Qui
337 2493 569 2557 gnatum
594 2489 852 2543 haberem
877 2491 980 2544 tali
1005 2473 1226 2558 ingenio
1254 2491 1564 2559 praeditum.

203 2588 352 2655 Q'uid
375 2593 560 2646 uerbis
585 2610 722 2662 opus
747 2598 830 2646 est
855 2594 875 2648 2
954 2594 1078 2648 Hac
1102 2596 1251 2648 fama
1276 2595 1544 2663 impulsus
1571 2594 1828 2648 Chremes

199 2695 368 2750 Vltro
394 2697 467 2750 ad
492 2715 581 2749 me
607 2697 783 2765 uenit,
815 2698 1034 2751 unicam
1061 2703 1285 2766 gnatam
1312 2716 1468 2751 suam

202 2799 344 2852 Cum
369 2801 501 2854 dote
528 2818 743 2854 summa
769 2801 884 2856 filio
910 2820 1139 2856 uxorem
1165 2806 1232 2855 ut
1260 2803 1431 2857 daret.

201 2905 422 2958 Placuit
450 2924 464 2959 ε
505 2905 772 2974 despondi
796 2926 808 2960 t
848 2905 943 2960 hic'
964 2907 1175 2976 nuptiis
1202 2896 1409 2961 dictust
1436 2907 1565 2961 dies.
2132 2901 2175 2939 ⁷⁸

283 3010 370 3065 so.
422 3009 570 3074 Quid
596 3011 766 3078 igitur
791 2989 992 3079 obstat,
1025 3030 1164 3080 quor
1187 2990 1303 3065 no'n
1330 3012 1513 3066 fiant?
1592 3011 1671 3066 s1.
1718 3011 1941 3067 Audies.

203 3113 396 3167 Ferme
422 3114 484 3166 in
510 3114 702 3167 diebus
727 3115 933 3190 pauciS,
965 3115 1177 3184 quibus·
1194 3117 1314 3169 haec
1340 3119 1464 3168 acta
1490 3119 1640 3182 sunt,

203 3218 426 3288 Chrysis
449 3219 632 3272 uicina
656 3221 775 3274 haec
800 3196 1050 3276 moritur.
1139 3221 1227 3275 So.
1279 3219 1327 3274 Ο
1353 3221 1564 3296 factum
1590 3219 1729 3272 bene
1757 3237 1772 3272 ε

204 3322 392 3375 Beasti
414 3342 430 3387 ;
470 3322 524 3375 81
548 3323 724 3376 metui
749 3341 784 3376 a
809 3323 1090 3391 Chryside.
1182 3323 1261 3376 S1.
1310 3323 1402 3375 Ibi
1426 3326 1549 3375 tum
1576 3321 1723 3374 filius

205 3425 345 3479 Cum
369 3427 499 3494 11118,
530 3427 630 3496 qui
655 3431 905 3486 amarant
931 3427 1274 3495 Chrysidem,
1303 3428 1419 3480 una¹
1444 3426 1634 3479 aderat
1661 3425 1918 3492 frequens
1946 3439 1959 3478 ε
2130 3427 2175 3458 ⁸⁰

206 3529 442 3584 Curabat
467 3548 581 3583 una
605 3531 776 3584 funus
805 3551 816 3586 :
857 3532 1033 3585 tristis
1059 3532 1300 3598 interim,
