2342 3992
259 155 292 207 4
303 153 338 208 s)
543 157 548 164 “
981 125 984 132 Ι
1123 165 1385 208 ANDRIA.

343 317 461 371 MY.
512 304 754 371 Vtinam.
863 316 962 370 On.
1011 316 1104 370 An
1143 318 1396 371 nondum
1434 317 1602 371 etiam
1628 319 1648 372 2
1750 318 1919 372 Haud
1956 321 2245 390 auspicato

498 421 609 475 hue
634 440 723 474 me
751 422 918 476 attuli
946 441 958 476 :

263 525 319 579 N
323 545 412 580 am
437 528 549 596 pol,
581 528 629 581 si
653 528 710 582 id
740 528 974 597 scissem,
1005 513 1311 599 numquam
1335 530 1444 583 hue
1470 530 1775 584 temlissem
1801 531 2000 601 pedem
2023 551 2037 588 :

263 633 485 703 Semper
511 636 658 689 enim
685 635 888 690 dictast
914 653 1030 689 esse
1055 636 1176 690 haee
1202 640 1369 704 atque
1397 635 1641 689 habitant
1668 652 1821 690 soror
1850 654 1864 691 ε

263 738 400 803 Quee
426 739 573 794 illius
598 741 842 810 fuerunt,
873 741 1115 810 possidet
1139 761 1151 796 :
1192 758 1341 794 nune
1366 758 1454 794 me
1479 740 1753 810 hospitem

261 826 403 896 Iffis
428 845 601 913 sequi,
633 862 800 914 quam
825 845 885 899 id
911 845 1049 899 mihi
1075 846 1148 899 sit
1174 845 1332 898 facile
1358 848 1527 913 atque
1553 845 1709 911 utile,

260 947 512 1001 Aliorum
537 949 788 1024 exempla
813 953 1161 1002 commonent
1191 967 1204 1002 :
1244 948 1409 1003 simul
1434 948 1687 1016 arbitror,

264 1050 383 1104 Iam
407 1052 646 1122 aliquem
673 1070 788 1106 esse
813 1053 1051 1107 amioum
1076 1056 1134 1105 et
1159 1051 1503 1106 defensorem
1529 1053 1581 1106 ei
1609 1071 1622 1107 z
1662 1069 1792 1108 nam
1816 1048 1932 1106 fere

261 1154 661 1211 Grandiusmila
684 1157 799 1210 iam
825 1159 1124 1226 profectaet
1150 1156 1317 1210 ffline.
1407 1157 1705 1212 Clamitent

239 1261 356 1342 xMe
382 1261 791 1329 sycophantam,
821 1261 1185 1315 hereditatem
1210 1261 1464 1330 persequi

258 1364 581 1418 Mendicum
605 1383 618 1419 :
657 1368 781 1418 tum
805 1364 981 1434 ipsam
1009 1365 1311 1434 despoliare
1337 1382 1452 1419 non
1476 1365 1647 1420 lubet.

335 1468 455 1525 Mr.
505 1470 552 1523 Ο
578 1473 802 1538 optume
827 1470 1042 1539 hospes,
1073 1471 1168 1540 pol
1196 1470 1348 1524 Crito
1374 1470 1666 1540 antiquom
1688 1470 1922 1524 obtines.

337 1575 436 1628 Cn..
484 1575 609 1628 Due
635 1592 724 1628 me
764 1575 836 1628 ad
875 1593 1015 1643 eam,
1063 1575 1289 1645 quando
1327 1575 1438 1628 hue
1474 1575 1623 1644 ueni,
1670 1578 1737 1629 ut
1774 1569 2011 1628 uideam.
2104 1575 2236 1630 Mur.

492 1676 773 1734 Maxume.

331 1781 440 1836 DA.
489 1779 699 1851 Sequar
721 1780 823 1835 hos
847 1799 860 1836 z
901 1737 990 1835 me
1015 1781 1145 1834 nolo
1172 1781 1232 1834 in
1262 1785 1505 1850 tempore
1534 1782 1638 1836 hoo
1656 1781 1848 1836 uideat
1874 1799 2058 1838 senex.

2208 740 2307 772 u·
