2342 3992
935 140 1195 186 AnnmA.
1969 121 2041 184 21

67 291 230 346 Cedo
257 286 396 360 qu’id
420 290 661 360 iurgabit
686 294 870 345 tecum
894 291 915 345 ’ἒ
951 290 1042 344 hic
1060 290 1257 345 reddes
1285 287 1489 358 omnia,

75 396 218 460 Quae
245 412 398 448 nunc
423 398 555 448 sunt
582 398 730 448 certa
755 395 807 448 ei
832 394 1073 462 consilia,
1103 395 1314 447 incerta
1337 397 1405 447 ut
1430 393 1592 461 sient,

76 501 208 552 Sine
236 498 392 552 omni
417 499 619 568 periclo
647 517 660 553 :
699 516 830 551 nam
854 498 958 552 hoc
983 498 1136 552 haud
1160 498 1467 565 dubiumst,
1498 498 1634 566 quin
1662 496 1918 552 Chremes
1980 573 1987 580 .

76 603 202 656 Tibi
227 620 344 656 non
373 603 469 656 det
493 606 730 670 gnatam.
820 602 941 655 Nec
965 606 1032 654 tu
1060 619 1124 655 ea.
1141 619 1313 670 ‘causa
1338 602 1601 654 minueris

79 706 220 759 Haec
248 722 377 774 quse
401 705 550 773 facis,
582 723 653 759 ne
678 704 726 758 is
751 708 935 758 mutet
960 722 1115 758 suam
1141 705 1498 758 sententiam.

79 809 241 862 Patri
267 809 358 862 dic
382 809 525 862 uelle
554 828 568 864 :
607 813 674 862 ut
700 827 868 878 quom
893 810 1050 877 uelit,
1080 809 1188 862 tibi
1212 810 1332 863 iure
1358 809 1517 862 irasci
1542 827 1656 863 non
1683 813 1865 878 queat.
2010 806 2050 838 ²⁰

81 914 138 966 N
139 931 235 966 am
263 913 412 981 quod
437 917 505 966 tu
530 931 727 982 speres,
758 914 1086 982 propulsabo
1112 914 1286 970 facile.
1375 913 1619 966 Uxorem
1644 913 1731 966 his
1757 914 1999 967 moribus

365 1016 402 1053 -κ-
638 1015 675 1052 -κ-
913 1015 950 1052 -κ-
1190 1015 1227 1052 -κ-
1464 1015 1501 1052 -κ-
1738 1017 1776 1052 «x

81 1123 260 1177 Dabit
302 1140 480 1177 nemo,
595 1122 855 1176 Inueniet
906 1122 1127 1191 inopem
1179 1122 1381 1191 potius,
1443 1139 1611 1192 quam
1664 1126 1723 1175 te
1776 1121 2050 1191 corrumpi

326 1226 485 1280 sinat.

85 1330 195 1383 Sed
221 1330 272 1383 si
295 1333 357 1383 te
381 1346 540 1398 aequo
566 1329 750 1382 animo
774 1330 918 1383 ferre
944 1329 1192 1399 accipiet,
1223 1331 1604 1398 neglegentem
1630 1329 1825 1384 feceris
1854 1348 1867 1384 :

87 1436 215 1488 Alia.
241 1434 450 1488 otiosus
478 1438 687 1504 quaeret
716 1453 729 1489 z
769 1435 980 1487 interea
1004 1435 1216 1504 aliquid
1242 1434 1499 1488 acciderit
1525 1435 1673 1489 boni.

164 1540 273 1593 Pr.
318 1538 449 1592 Itan
489 1537 703 1592 eredis?
806 1538 912 1592 DA.
962 1539 1133 1592 Haud
1172 1539 1405 1593 dubium
1446 1539 1507 1593 id
1563 1540 1853 1609 quidemst.
1942 1539 2046 1592 Pr.

271 1637 283 1648 ’
326 1641 472 1695 Vide
498 1658 609 1710 quo
634 1658 724 1694 me
749 1641 992 1696 inducas,
1080 1642 1186 1696 DA.
1237 1642 1385 1706 Quin
1410 1647 1559 1696 taces
1582 1643 1603 1697 Ἰ
2010 1641 2053 1672 ²⁵

164 1747 271 1800 ΡΑ.
319 1746 528 1800 Dicam.
615 1745 860 1800 Puerum
898 1750 1083 1799 autem
1123 1764 1195 1800 ne
1230 1747 1482 1800 resciscat
1519 1747 1657 1800 mihi
1696 1765 1811 1800 esse
1850 1764 1933 1800 ex·
1958 1746 2055 1800 illa

327 1850 562 1903 cautiost
590 1868 605 1906 :

91 1955 145 2008 N
145 1973 238 2008 am
263 1953 540 2024 pollicitus
561 1971 682 2007 sum
701 1935 1096 2023 suscepturum.
1184 1955 1293 2008 DA.
1341 1954 1388 2007 Ο
1416 1954 1629 2008 facinus
1655 1954 1852 2009 audax.
1925 1939 2046 2008 ‘Pn

327 2057 492 2110 Hanc
517 2057 684 2110 fidem

87 2162 201 2214 Sibi
228 2179 316 2214 me
344 2161 667 2230 obsecrauit,
700 2161 798 2230 qui
823 2179 881 2214 se
908 2162 1069 2216 sciret
1095 2180 1211 2216 non
1237 2162 1602 2230 deserturum,
1632 2166 1698 2216 ut
1726 2162 1926 2218 darem.

164 2267 274 2321 DA.
323 2266 628 2321 Curabitur.
733 2267 843 2320 Sed
888 2272 1046 2336 pater
1089 2269 1261 2324 adest.
1370 2268 1517 2322 Oaue
1560 2272 1618 2322 te
1666 2285 1783 2322 esse
1833 2269 2050 2323 tristem

745 2818 901 2872 Ao‘r.
949 2818 1281 2873 II.—Sclm.
1330 2821 1383 2876 4.

627 2978 776 3018 snm.
865 2978 1061 3017 DAVOS.
1149 2978 1219 3017 ΡΑ
1225 2979 1493 3018 MPHILVS.

161 3094 238 3150 S1.
286 3093 493 3148 Reuiso
520 3092 655 3162 quid
680 3097 848 3161 agant
872 3096 972 3146 aut
999 3092 1135 3162 quid
1161 3097 1387 3162 captent
1412 3081 1618 3147 consili.

159 3199 265 3253 DA.
316 3198 427 3251 Hic
451 3214 602 3250 nunc
627 3215 741 3251 non
767 3197 1009 3278 dubitat,
1041 3197 1178 3266 quin
1205 3202 1261 3251 te
1289 3198 1585 3252 ducturum
1610 3212 1786 3266 neges.

87 3300 260 3356 Venit
283 3302 586 3355 meditatus
613 3300 866 3354 alicunde
895 3318 964 3354 ex
989 3301 1105 3354 solo
1132 3301 1253 3354 loco
1282 3319 1295 3354 :

87 3407 403 3460 Orationem
429 3397 610 3474 sperat
635 3404 911 3458 inuenisse
937 3421 1014 3472 se,

90 3511 195 3575 Qui
224 3512 441 3564 differat
465 3515 525 3564 te
550 3530 563 3568 z
603 3511 763 3580 proin
789 3514 856 3564 tu
881 3511 967 3564 fac
993 3509 1142 3579 apud
1167 3513 1227 3562 te
1253 3511 1320 3562 ut
1345 3506 1462 3562 sies.
