2342 3992
902 837 1541 906 PROLOGUS.

1104 988 1337 1021 ——4—

350 897 419 976 ’λι

390 1100 614 1170 Nequoi
640 1100 713 1154 sit
738 1106 990 1155 uostrum
1008 1103 1228 1171 mirum,
1261 1122 1400 1173 quor
1424 1107 1595 1174 partis
1620 1107 1738 1160 seni

390 1204 566 1257 Poeta
590 1205 825 1272 dederit,
856 1223 981 1274 quae
1008 1213 1139 1260 sunt
1166 1208 1616 1276 adulescentium,

387 1308 458 1360 Id
484 1307 720 1375 primum
748 1308 949 1376 dicam,
974 1309 1172 1363 deinde
1201 1312 1350 1379 quod
1376 1312 1507 1364 ueni
1533 1313 1766 1381 eloquar.

388 1413 475 1464 Ex
500 1411 715 1481 integra
742 1411 932 1466 Graeca
957 1413 1228 1482 integram
1255 1415 1586 1486 comoediam
1643 1461 1648 1466 .

386 1517 569 1570 Hodie
597 1533 719 1570 sum
745 1522 966 1570 acturus
1002 1517 1682 1574 Heautontimorumenon.

316 1617 327 1626 ’
382 1621 607 1690 Duplex
630 1638 755 1690 quae
782 1637 851 1672 ex
878 1625 1201 1688 argumento
1227 1621 1372 1674 facta
1397 1625 1481 1675 est
1508 1623 1753 1692 simplici.

382 1725 607 1778 Nouam
632 1742 747 1778 esse
775 1723 993 1777 ostendi
1018 1729 1077 1776 et
1104 1741 1229 1792 quae
1257 1731 1398 1778 esset
1425 1745 1437 1780 ε
1477 1744 1626 1780 nunc
1653 1727 1750 1796 qui
1776 1728 2048 1798 scripserit

380 1829 455 1881 Et
482 1829 648 1897 quoia
675 1827 867 1880 Graeca
894 1827 981 1895 sit,
1016 1827 1076 1879 ni
1103 1832 1316 1896 partem
1341 1846 1657 1882 maxumam

378 1934 785 1986 Existumarem
812 1907 947 1984 scire
973 1936 1245 1999 uostrum,
1275 1932 1334 1984 id
1361 1933 1610 1988 dicerem.

378 2039 437 2092 N
438 2056 548 2105 unc
575 2038 928 2108 quamobrem
952 2037 1052 2090 has
1078 2038 1250 2105 partis
1277 2037 1560 2091 didicerim
1584 2039 1771 2107 paucis
1797 2040 1953 2094 dabo.
2145 2033 2184 2064 ¹⁰

376 2143 664 2196 Oratorem
690 2159 805 2193 esse
831 2141 1011 2194 uoluit
1038 2159 1145 2207 me,
1169 2159 1283 2193 non
1309 2141 1594 2209 prologum
1618 2161 1631 2197 ε
1679 2125 1686 2130 ¹

377 2247 647 2300 Vostrum
672 2246 939 2299 iudicium
964 2245 1097 2298 fecit
1126 2265 1137 2300 :
1179 2263 1268 2298 me
1295 2249 1533 2298 actorem
1559 2247 1732 2316 dedit,

375 2351 437 2404 Sa·
462 2352 553 2404 hic
578 2357 731 2406 actor
757 2355 980 2404 tantum
1006 2349 1208 2418 poterit
1234 2367 1268 2403 a
1293 2350 1567 2418 facundia,

374 2455 660 2521 Quantum
684 2458 779 2510 ille
806 2456 990 2525 potuit
1020 2455 1258 2522 cogitare
1284 2455 1583 2522 commode,

381 2561 492 2626 Qui
518 2563 821 2614 orationem
846 2561 988 2613 hanc
1014 2559 1247 2627 scripsit,
1279 2576 1446 2627 quam
1472 2559 1720 2612 dicturus
1747 2578 1881 2616 sum.
2147 2557 2185 2594 ¹³

370 2665 431 2718 N
432 2684 523 2718 am
548 2666 697 2734 quod
724 2682 967 2719 rumores
995 2664 1330 2726 distulerunt
1357 2663 1617 2732 maliuoli‚

372 2769 587 2822 Multas
612 2768 1005 2822 contaminasse
1034 2767 1268 2834 Graecae,
1292 2767 1427 2818 dum
1453 2767 1586 2819 facit

370 2873 581 2927 Paucas
607 2874 833 2926 Latinas
861 2892 873 2926 ι
914 2872 1125 2925 factum
1150 2870 1210 2922 id
1237 2887 1350 2923 esse
1377 2871 1467 2923 hic
1480 2888 1606 2924 ’11011
1631 2877 1814 2940 negat,

369 2979 569 3048 Neque
597 2997 653 3032 se
680 2980 862 3048 pigere
889 2983 945 3031 et
978 2977 1178 3030 deinde
1205 2977 1482 3030 facturum
1509 2981 1778 3032 autumat.

370 3083 555 3137 Habet
581 3086 853 3138 bonorum
880 3083 1210 3151 exemplum,
1242 3100 1351 3151 quo
1379 3083 1626 3151 exemplo
1653 3082 1757 3136 sibi
2139 3079 2182 3115 ²⁰

367 3187 551 3241 Licere
578 3188 638 3242 id
664 3166 851 3242 facere·
868 3188 1015 3257 quod
1049 3187 1133 3239 illi
1158 3187 1407 3240 fecerunt
1433 3190 1609 3254 putat.

366 3293 507 3345 Tum
534 3293 686 3361 quod
712 3293 1003 3345 maliuolus
1028 3295 1193 3344 uetus
1218 3298 1380 3360 poeta
1406 3291 1644 3360 dictitat,

364 3397 615 3465 Repente
642 3398 713 3450 ad
739 3392 987 3449 studium
1011 3396 1159 3448 hunc
1187 3414 1243 3448 se
1271 3396 1567 3464 adplicasse
1594 3396 1882 3466 musicum,

363 3502 620 3555 Amicum
646 3501 865 3570 ingenio
892 3502 1113 3568 fretum,
1143 3501 1293 3553 haud
1319 3506 1518 3553 natura
1545 3518 1642 3554 sua
1671 3520 1684 3556 ε

2131 3603 2175 3637 a

364 3604 675 3659 Arbitrium
701 3619 969 3673 nostrum,
998 3620 1186 3657 uostra
1213 3603 1564 3656 existumatio
