2342 3992
221 163 256 222 6
1070 180 1330 224 ANDRIA.

299 331 374 386 SI.
425 330 516 384 Ita
541 330 752 384 faciam.
798 383 802 388 ,
840 330 965 384 Ηοο
991 331 1231 399 primum
1255 331 1315 383 in
1342 331 1445 382 hac
1470 311 1529 382 re
1556 329 1796 398 praedico
1819 329 1926 382 tibi
1954 347 1968 384 ι

219 436 367 502 Quas
392 436 566 490 credis
593 453 708 489 esse
733 436 852 504 hae,
883 420 995 488 non
1022 439 1154 489 sunt
1182 453 1327 489 uerae
1354 436 1579 504 nuptiae.
1624 511 1632 518 ἢ
2145 430 2196 464 ²⁰

297 539 390 594 8ο.
436 539 588 604 Quor
631 541 858 594 simulas
889 539 1116 608 igitur?
1222 539 1301 594 S1.
1365 540 1508 593 Rem
1556 557 1775 593 omnem
1832 556 1867 593 a
1918 538 2195 608 principio

453 643 642 697 audies
669 663 683 700 ε

215 745 298 800 Eo
325 751 486 815 pacto
513 752 570 801 et
594 747 749 816 gnati
773 746 950 800 uitam
977 750 1034 799 et
1062 745 1350 799 consilium
1375 763 1563 800 meum
1626 761 1644 805 ᾗ
1714 769 1730 776 ··
1786 765 1791 770 ·

217 852 535 920 Cognoscere,
567 857 624 906 et
651 852 787 922 quid
811 853 986 906 facere
1012 851 1073 904 in
1097 851 1202 904 hac
1228 869 1287 904 re
1314 855 1371 904 te
1397 828 1580 906 uelim.
1674 869 1677 872 ’

215 956 366 1010 Nam
391 957 439 1010 is
465 953 760 1026 postquam
783 956 1014 1009 excessit
1041 973 1111 1008 ex
1137 954 1379 1029 ephebis,
1412 954 1597 1023 Sosia‚'
1767 1023 1771 1028 ι

215 1061 464 1115 Liberius
487 1060 715 1114 uiuendi
741 1061 856 1114 fuit
875 1063 1119 1128 potestas
1146 1059 1298 1129 (nam
1323 1063 1488 1113 antea
1609 1049 1613 1053 ’
1683 1101 1688 1107 .
2144 1055 2195 1090 ²⁵

216 1166 325 1232 Qui
350 1166 485 1220 seire
510 1183 694 1234 posses
717 1154 817 1218 aut
842 1164 1126 1232 ingenium
1153 1181 1393 1232 noscere,
1766 1141 1777 1145 ’
2094 1175 2102 1180 ’

215 1270 368 1324 Dum
393 1274 528 1323 aetas
554 1272 736 1330 metus
762 1268 1021 1336 magister
1039 1267 1410 1335 prohibebant
1434 1267 1455 1322 2
1533 1267 1624 1322 8ο.
1672 1267 1861 1339 Itast.)
1913 1340 1933 1350 „

295 1375 372 1429 SI.
422 1373 584 1438 Quod
610 1373 856 1442 plerique
885 1389 1074 1425 omnes
1098 1372 1311 1425 faciunt
1338 1372 1757 1440 adulescentuli,
1838 1400 1846 1410 κ

218 1477 300 1530 Vt
327 1478 573 1539 animum
600 1477 672 1530 ad
699 1475 924 1544 aliquod
951 1475 1199 1528 studium
1225 1476 1551 1544 adiungunt,
1582 1481 1681 1529 aut
1708 1493 1878 1544 equos

217 1583 380 1636 Alere
405 1586 504 1635 aut
531 1599 690 1634 canes
717 1581 788 1634 ad
815 1579 1153 1648 uenandum,
1185 1584 1284 1634 aut
1310 1581 1383 1634 ad
1410 1553 1761 1650 philosophos
1785 1601 1799 1636 :
2147 1577 2196 1611 ⁸⁰

216 1686 436 1738 Horum
461 1663 554 1739 ille
581 1687 663 1738 nil
689 1685 898 1754 egregie
925 1689 1126 1754 praeter
1154 1689 1335 1738 cetera

216 1789 506 1858 Studebat‚
537 1794 594 1843 et
618 1793 807 1842 tamen
833 1789 1016 1842 omnia
1040 1790 1161 1842 haec
1188 1790 1548 1846 mediocriter.

217 1895 552 1949 Gaudebam.
641 1895 730 1948 8ο.
777 1894 911 1948 Non
936 1893 1136 1947 iniuria
1159 1913 1174 1949 z
1213 1869 1346 1947 nam
1371 1894 1431 1946 id
1458 1894 1693 1948 arbitror

215 1999 479 2067 Adprime
506 1999 566 2051 in
591 1999 708 2052 vita
733 2017 848 2052 esse
875 1998 1032 2066 utile,
1063 2001 1128 2051 ut
1153 1999 1363 2066 nequid
1389 1999 1567 2053 nimis·

295 2102 372 2156 Sr.
421 2102 510 2156 Sic
535 2103 656 2155 uita
682 2106 799 2156 erat
827 2121 841 2156 ε
880 2101 1040 2154 facile
1067 2119 1259 2154 omnes
1284 2103 1522 2170 perferre
1550 2120 1613 2156 ao
1637 2103 1755 2171 pati
1781 2085 1798 2156 ἐ
2148 2102 2197 2134 ³⁵

217 2207 358 2261 Cum
385 2207 585 2276 quibus
612 2210 729 2259 erat
757 2222 1034 2274 quomque
1061 2197 1193 2274 un'a,
1225 2207 1303 2260 eis
1329 2225 1445 2260 sese
1471 2207 1670 2278 dedere
1943 2205 1945 2207 ’
2035 2191 2039 2198 ’

215 2311 422 2365 Eorum
449 2311 647 2365 studiis
675 2311 902 2380 obsequi
929 2333 940 2368 :
986 2310 1254 2366 aduersus
1280 2312 1488 2365 nemini
1516 2331 1529 2368 :

217 2417 540 2486 Numquam
567 2434 887 2485 praeponens
915 2436 970 2471 se
997 2418 1138 2472 illis:
1179 2414 1261 2490 ita
1286 2417 1563 2484 facillume

216 2521 345 2575 Sine
372 2497 584 2573 inuidia
610 2521 843 2574 laudem·
855 2522 1104 2576 inuenitis
1132 2526 1190 2575 et
1218 2522 1419 2576 amico‘s
1444 2536 1615 2591 paren.

296 2627 384 2681 8ο.
434 2627 718 2695 Sapienter
741 2628 918 2684 uitam
928 2625 1188 2681 ‘instituit
1216 2647 1229 2682 :
1270 2645 1507 2696 namque
1526 2628 1630 2681 hoo
1658 2631 1920 2696 tempore,
2148 2628 2195 2657 ⁴⁰

216 2731 552 2800 Obsequium
579 2732 797 2800 amicOS,
827 2733 1033 2787 ueritas
1060 2733 1251 2787 odium
1276 2733 1433 2802 parit.
1524 2785 1535 2792 ,
1549 2771 1565 2791 s

295 2836 371 2890 SI.
422 2835 640 2890 Interea
664 2837 862 2890 mulier
889 2838 1142 2905 quaedam
1168 2838 1369 2892 abhinc
1393 2837 1694 2892 triennium

214 2939 303 2992 Ex
328 2939 522 2993 Andro
549 2940 927 3008 commigrauit
953 2941 1061 2993 huc
1088 2941 1325 3008 uiciniae,
1394 3013 1397 3018 Ι
1444 2977 1453 2987 -

215 3043 410 3112 Inopia
437 3048 493 3097 et
522 3020 876 3112 cognatorum
901 3045 1234 3112 negligentia

215 3150 434 3218 Coacta,
466 3150 679 3218 egregia
705 3150 899 3218 forma,
923 3148 1097 3218 'atque
1126 3154 1291 3203 aetate
1317 3151 1543 3218 integra-
1576 3183 1601 3216 -,
2150 3149 2195 3181 ⁴⁵

293 3255 382 3309 8ο.
430 3255 517 3322 Εἰ,
547 3271 738 3308 uereor
763 3255 971 3322 nequid
999 3255 1211 3308 Andria
1237 3238 1491 3323 adportet
1516 3255 1671 3311 mali.

293 3358 370 3413 S1.
420 3331 607 3411 Primo
634 3358 753 3411 haec
778 3358 977 3427 pudice
1004 3359 1181 3412 uitam
1206 3375 1367 3426 parce
1395 3376 1458 3412 ac
1486 3359 1697 3414 duriter

213 3440 695 3548 Agebat,llana{·ac
720 3461 832 3515 tela
857 3461 1070 3516 uictum
1097 3463 1397 3531 quaeritans
1422 3481 1435 3516 :

217 3568 322 3622 Sed
352 3571 644 3637 postquam
671 3583 860 3620 amans
886 3567 1110 3622 accessit
1137 3567 1375 3636 pretium
1400 3566 1681 3636 pollicens,
