2342 3992
220 143 298 203 14
1068 138 1329 238 Annum.
2323 185 2329 422 1

214 310 517 365 Tantamne
544 327 661 363 rem
686 315 804 364 tam
828 311 1181 378 neglegenter
1205 328 1364 379 agere
1391 313 1403 364 Ξ
1486 310 1817 364 Praeter-iens
1842 311 2007 366 modo

216 414 302 467 Mi
362 414 511 484 apud
565 416 748 467 forum
820 416 836 444 ‘
856 430 1001 467 uxor
1058 414 1165 466 tibi
1232 414 1552 482 ducendast,
1622 414 1926 485 Pamphile,
1989 416 2170 482 hodie

452 518 655 587 inquit,
692 519 709 547 ‘
729 535 862 586 para
890 536 903 572 ς
2325 427 2329 570 i

215 622 327 675 Abi
341 621 604 678 domum)
658 620 728 674 Id
747 622 884 674 mihi
902 601 1091 674 uisust'
1101 622 1280 675 dicere
1305 625 1322 652 ‘
1343 621 1435 675 abi
1461 623 1570 676 cito
1591 640 1659 682 ,ac
1679 624 1950 692 suspende
1965 625 2062 678 te.'
2157 621 2203 654 ²⁰

219 726 494 795 Obstupui
521 745 534 780 ε
575 742 773 779 censen
798 743 887 778 me
912 726 1146 779 uerbum
1172 726 1414 794 potuisse
1441 726 1619 779 ullum
1644 727 1938 800 proloqui-‘3

217 832 337 884 Aut
383 847 601 883 causam
652 829 843 897 ullam,
886 829 1134 897 ineptam
1195 829 1391 882 saltem
1435 830 1629 883 falsam
1682 830 1975 900 iniquam?
2080 832 2200 887 Ob-

456 933 654 986 mutui.

220 1037 381 1102 Quod
425 1037 472 1090 si
519 1053 620 1105 ego
665 1035 1005 1089 resciuissem
1057 1035 1117 1088 id
1164 1036 1336 1105 prius,
1387 1037 1523 1105 quid
1569 1038 1820 1108 facerem,
1877 1039 2050 1107 siquis
2102 1057 2201 1095 me

452 1145 611 1210 roget
640 1159 653 1195 ε

220 1247 454 1317 Aliquid
479 1249 733 1313 facerem,
764 1247 831 1297 ut
856 1244 961 1298 hoc
998 1263 1071 1298 ne
1096 1245 1355 1301 facerem.
1437 1246 1546 1300 Sed
1585 1264 1733 1300 nunc
1775 1247 1912 1316 quid
1949 1249 2201 1316 primum
2277 1291 2286 1302 .

459 1367 698 1419 exequar
720 1348 741 1401 2
949 1323 956 1330 ‘

221 1456 327 1510 Tot
391 1473 480 1508 me
564 1453 859 1523 inpediunt
945 1471 1104 1522 curse,
1180 1471 1306 1523 quae
1386 1471 1570 1508 meum
1635 1455 1882 1509 animum
1975 1457 2201 1513 diuorse

458 1560 689 1612 trahunt
718 1581 730 1616 :
2156 1559 2201 1592 ²⁵

222 1665 412 1732 Amor,
442 1665 809 1719 misericordia
834 1664 1016 1731 huius,
1050 1663 1374 1731 nuptiarum
1400 1661 1735 1730 sollicitatio,

220 1769 365 1822 Tum
403 1769 576 1838 patris
630 1770 825 1839 pudor,
874 1768 974 1838 qui
1018 1785 1106 1841 me
1151 1771 1270 1820 tam
1315 1767 1428 1819 leni
1446 1783 1658 1834 passus
1717 1767 1954 1821 animost
2013 1787 2200 1839 usque

460 1875 641 1928 adhuc

223 1977 359 2042 Quae
412 1997 535 2033 meo
590 1997 866 2048 quomque
905 1979 1089 2032 animo
1129 1975 1426 2030 lubitumst
1467 1977 1659 2030 facere.
1773 1976 1913 2030 Eine
1966 1996 2067 2047 ego
2128 1985 2202 2034 ut

461 2084 722 2136 aduorser
744 2083 765 2136 2
842 2083 912 2134 Ei
938 2081 1089 2134 mihi.

223 2185 558 2239 Incertumst
611 2185 747 2254 quid
778 2201 958 2253 agam.
1075 2182 1194 2236 MY.
1244 2182 1448 2236 Misera
1485 2183 1654 2237 timeo
1700 2186 1717 2214 ‘
1735 2184 2045 2266 incertum³
2087 2187 2200 2242 hoc

460 2306 724 2358 quorsum
749 2289 976 2342 accidat.

225 2393 333 2447 Sed
362 2411 509 2447 nunc
535 2410 769 2462 peropus
796 2396 895 2460 est,
930 2398 1028 2446 aut
1053 2393 1204 2446 hunc
1231 2409 1356 2444 oum
1384 2391 1501 2460 ipsa
1527 2395 1626 2444 aut
1654 2391 1723 2445 de
1758 2393 1855 2446 illa
1880 2411 1968 2446 me
1995 2394 2202 2450 aduor-

460 2514 583 2550 sum
608 2497 756 2549 hunc
780 2496 947 2565 loqui.
1803 2503 1810 2510 “
2153 2499 2202 2532 ³⁰

224 2579 375 2655 Dum
419 2602 480 2655 in
522 2602 746 2655 dubiost
792 2601 1025 2670 animust,
1071 2601 1238 2670 paulo
1286 2603 1564 2654 momento
1618 2561 1729 2656 hic
1782 2603 1874 2656 uel
1930 2603 2063 2658 illuc
2111 2605 2202 2660 in-

460 2705 697 2773 pellitur.
796 2755 799 2762 .

303 2808 406 2862 PA.
456 2808 592 2873 Quis
640 2809 729 2863 hic
782 2810 1032 2877 loquitur
1055 2807 1075 2862 2
1182 2799 1375 2876 Mysia
1440 2808 1604 2863 salue.
1721 2809 1840 2864 MY.
1916 2811 1964 2865 Ο
2017 2813 2198 2883 salue,

462 2914 762 2982 Pamphile.
851 2913 953 2966 ΡΑ.
1002 2912 1147 2975 Quid
1175 2911 1291 2980 agit
1315 2911 1335 2966 2
1415 2911 1534 2966 MY.
1582 2911 1767 2981 Rogas
1790 2914 1810 2967 2

224 3017 462 3071 Laborat
488 3036 518 3070 e
546 3018 749 3085 dolore,
783 3021 950 3084 atque
977 3034 1047 3069 ex
1073 3017 1177 3068 hoc
1203 3016 1400 3068 misera
1426 3015 1730 3085 sollicitast,
1762 3017 1910 3071 diem

227 3121 370 3188 Quia
397 3123 529 3176 olim
554 3123 615 3175 in
640 3122 787 3175 hunc
828 3124 960 3174 sunt
1001 3121 1320 3174 constitutae
1359 3121 1583 3190 nuptiae.
1674 3123 1816 3175 Tum
1855 3127 2044 3177 autem
2091 3124 2202 3179 hoe

464 3227 644 3294 timet,

227 3331 317 3386 Ne
344 3332 559 3385 deseras
585 3349 655 3385 se.
744 3330 847 3384 ΡΑ.
896 3329 1063 3398 Hem,
1096 3346 1266 3398 egone
1294 3329 1438 3382 istuc
1465 3329 1647 3384 conari
1675 3349 1875 3400 queam
1897 3333 1918 3386 2
2156 3332 2200 3365 ⁸⁶

227 3435 386 3505 Egon
411 3440 631 3505 propter
656 3452 743 3488 me
768 3435 920 3487 illam
946 3433 1125 3502 decipi
1150 3433 1402 3486 miseram
1430 3433 1624 3501 sinam,

229 3538 366 3605 Quae
393 3539 530 3592 mihi
556 3556 711 3592 suom
740 3536 985 3590 animum
1012 3541 1179 3605 atque
1209 3553 1427 3589 omnem
1453 3537 1630 3590 uitam
1658 3538 1910 3607 credidit,
