<?xml version="1.0" encoding="UTF-8"?>
<!DOCTYPE html PUBLIC "-//W3C//DTD XHTML 1.0 Transitional//EN"
    "http://www.w3.org/TR/xhtml1/DTD/xhtml1-transitional.dtd">
<html xmlns="http://www.w3.org/1999/xhtml" xml:lang="en" lang="en">
 <head>
  <title>
</title>
<meta http-equiv="Content-Type" content="text/html;charset=utf-8" />
  <meta name='ocr-system' content='tesseract 3.04.00' />
  <meta name='ocr-capabilities' content='ocr_page ocr_carea ocr_par ocr_line ocrx_word'/>
</head>
<body>
  <div class='ocr_page' id='page_1' title='image "andriaetheauton00davigoog_0031.png"; bbox 0 0 2342 3992; ppageno 0'>
   <div class='ocr_carea' id='block_1_1' title="bbox 971 189 2071 265">
    <p class='ocr_par' dir='ltr' id='par_1_1' title="bbox 971 189 2071 265">
     <span class='ocr_line' id='line_1_1' title="bbox 971 189 2071 265; baseline 0 -33"><span class='ocrx_word' id='word_1_1' title='bbox 971 189 1231 232; x_wconf 72' lang='lat' dir='ltr'>ANDRJA.</span> <span class='ocrx_word' id='word_1_2' title='bbox 1338 256 1345 265; x_wconf 37' lang='grc' dir='ltr'><em>Ι</em></span> <span class='ocrx_word' id='word_1_3' title='bbox 1995 194 2027 253; x_wconf 77' lang='lat'>1</span> <span class='ocrx_word' id='word_1_4' title='bbox 2039 194 2071 256; x_wconf 86' lang='lat'><strong>7</strong></span> 
     </span>
    </p>
   </div>
   <div class='ocr_carea' id='block_1_2' title="bbox 87 331 2176 3642">
    <p class='ocr_par' dir='ltr' id='par_1_2' title="bbox 87 331 2176 3642">
     <span class='ocr_line' id='line_1_2' title="bbox 122 331 2083 406; baseline 0.001 -12"><span class='ocrx_word' id='word_1_5' title='bbox 122 339 265 406; x_wconf 74' lang='lat' dir='ltr'><strong>Quid</strong></span> <span class='ocrx_word' id='word_1_6' title='bbox 290 340 396 394; x_wconf 89' lang='lat' dir='ltr'><strong>tibi</strong></span> <span class='ocrx_word' id='word_1_7' title='bbox 433 340 702 394; x_wconf 74' lang='lat' dir='ltr'><strong>uidetur?</strong></span> <span class='ocrx_word' id='word_1_8' title='bbox 757 331 760 334; x_wconf 31' lang='lat'><strong>⁴</strong></span> <span class='ocrx_word' id='word_1_9' title='bbox 806 340 998 394; x_wconf 83' lang='lat' dir='ltr'><strong>Adeon</strong></span> <span class='ocrx_word' id='word_1_10' title='bbox 1039 343 1111 396; x_wconf 85' lang='lat' dir='ltr'><strong>ad</strong></span> <span class='ocrx_word' id='word_1_11' title='bbox 1151 340 1325 394; x_wconf 72' lang='lat' dir='ltr'><strong>eum?</strong></span> <span class='ocrx_word' id='word_1_12' title='bbox 1405 341 1508 394; x_wconf 75' lang='grc' dir='ltr'><strong>ΒΥ.</strong></span> <span class='ocrx_word' id='word_1_13' title='bbox 1559 339 1706 404; x_wconf 84' lang='lat' dir='ltr'>Quid</span> <span class='ocrx_word' id='word_1_14' title='bbox 1741 339 1842 392; x_wconf 66' lang='lat' dir='ltr'><strong>niz</strong></span> <span class='ocrx_word' id='word_1_15' title='bbox 1921 339 1980 392; x_wconf 80' lang='lat' dir='ltr'><strong>si</strong></span> <span class='ocrx_word' id='word_1_16' title='bbox 2007 341 2083 396; x_wconf 81' lang='lat' dir='ltr'><strong>nil</strong></span> 
     </span>
     <span class='ocr_line' id='line_1_3' title="bbox 351 441 2085 514; baseline 0 -17"><span class='ocrx_word' id='word_1_17' title='bbox 351 445 612 514; x_wconf 72' lang='lat' dir='ltr'><strong>inpetreS,</strong></span> <span class='ocrx_word' id='word_1_18' title='bbox 2049 441 2085 474; x_wconf 69' lang='lat'><strong>²²</strong></span> 
     </span>
     <span class='ocr_line' id='line_1_4' title="bbox 120 547 1864 616; baseline 0.001 -16"><span class='ocrx_word' id='word_1_19' title='bbox 120 548 200 602; x_wconf 92' lang='lat' dir='ltr'><strong>Vt</strong></span> <span class='ocrx_word' id='word_1_20' title='bbox 224 551 282 601; x_wconf 82' lang='lat' dir='ltr'><strong>te</strong></span> <span class='ocrx_word' id='word_1_21' title='bbox 307 548 612 602; x_wconf 76' lang='lat' dir='ltr'><strong>arbitretur</strong></span> <span class='ocrx_word' id='word_1_22' title='bbox 637 547 742 600; x_wconf 77' lang='lat' dir='ltr'><strong>sibi</strong></span> <span class='ocrx_word' id='word_1_23' title='bbox 767 551 1021 616; x_wconf 75' lang='lat' dir='ltr'><strong>paratum</strong></span> <span class='ocrx_word' id='word_1_24' title='bbox 1047 548 1345 616; x_wconf 80' lang='lat' dir='ltr'><strong>moechum,</strong></span> <span class='ocrx_word' id='word_1_25' title='bbox 1376 547 1425 600; x_wconf 79' lang='lat' dir='ltr'><strong>si</strong></span> <span class='ocrx_word' id='word_1_26' title='bbox 1448 547 1603 600; x_wconf 84' lang='lat' dir='ltr'><strong>illam</strong></span> <span class='ocrx_word' id='word_1_27' title='bbox 1628 547 1864 601; x_wconf 87' lang='lat' dir='ltr'><strong>duxerit.</strong></span> 
     </span>
     <span class='ocr_line' id='line_1_5' title="bbox 196 638 2101 732; baseline -0.001 -26"><span class='ocrx_word' id='word_1_28' title='bbox 196 653 297 706; x_wconf 79' lang='lat' dir='ltr'><strong>CH.</strong></span> <span class='ocrx_word' id='word_1_29' title='bbox 346 652 494 706; x_wconf 86' lang='lat' dir='ltr'><strong>Abin</strong></span> <span class='ocrx_word' id='word_1_30' title='bbox 521 652 652 705; x_wconf 87' lang='lat' dir='ltr'><strong>hine</strong></span> <span class='ocrx_word' id='word_1_31' title='bbox 677 652 738 704; x_wconf 87' lang='lat' dir='ltr'><strong>in</strong></span> <span class='ocrx_word' id='word_1_32' title='bbox 763 653 966 705; x_wconf 82' lang='lat' dir='ltr'><strong>malam</strong></span> <span class='ocrx_word' id='word_1_33' title='bbox 991 670 1109 705; x_wconf 89' lang='lat' dir='ltr'><strong>rem</strong></span> <span class='ocrx_word' id='word_1_34' title='bbox 1135 669 1263 706; x_wconf 84' lang='lat' dir='ltr'><strong>eum</strong></span> <span class='ocrx_word' id='word_1_35' title='bbox 1290 651 1591 720; x_wconf 72' lang='lat' dir='ltr'><strong>suspitione</strong></span> <span class='ocrx_word' id='word_1_36' title='bbox 1616 651 1772 719; x_wconf 80' lang='lat' dir='ltr'><strong>istae,</strong></span> <span class='ocrx_word' id='word_1_37' title='bbox 1804 638 1977 704; x_wconf 71' lang='lat' dir='ltr'><strong>eoelus</strong></span> <span class='ocrx_word' id='word_1_38' title='bbox 2001 651 2021 704; x_wconf 67' lang='lat' dir='ltr'><strong>&#39;l</strong></span> <span class='ocrx_word' id='word_1_39' title='bbox 2094 724 2101 732; x_wconf 30' lang='grc' dir='ltr'><em>Ι</em></span> 
     </span>
     <span class='ocr_line' id='line_1_6' title="bbox 195 754 1964 824; baseline 0.001 -16"><span class='ocrx_word' id='word_1_40' title='bbox 195 756 296 810; x_wconf 75' lang='grc' dir='ltr'><strong>ΡΑ.</strong></span> <span class='ocrx_word' id='word_1_41' title='bbox 345 755 642 809; x_wconf 74' lang='lat' dir='ltr'><strong>Charinum</strong></span> <span class='ocrx_word' id='word_1_42' title='bbox 668 754 848 810; x_wconf 76' lang='lat' dir='ltr'><strong>uideo,</strong></span> <span class='ocrx_word' id='word_1_43' title='bbox 937 755 1114 810; x_wconf 86' lang='lat' dir='ltr'><strong>Salue.</strong></span> <span class='ocrx_word' id='word_1_44' title='bbox 1206 755 1308 809; x_wconf 75' lang='lat' dir='ltr'><strong>Cn.</strong></span> <span class='ocrx_word' id='word_1_45' title='bbox 1358 755 1405 808; x_wconf 95' lang='grc' dir='ltr'>Ο</span> <span class='ocrx_word' id='word_1_46' title='bbox 1434 755 1603 823; x_wconf 82' lang='lat' dir='ltr'><strong>salue,</strong></span> <span class='ocrx_word' id='word_1_47' title='bbox 1634 755 1923 824; x_wconf 86' lang='lat' dir='ltr'><strong>Pamphile</strong></span> <span class='ocrx_word' id='word_1_48' title='bbox 1952 775 1964 809; x_wconf 93' lang='lat'>:</span> 
     </span>
     <span class='ocr_line' id='line_1_7' title="bbox 115 860 1925 930; baseline -0.001 -16"><span class='ocrx_word' id='word_1_49' title='bbox 115 861 203 926; x_wconf 63' lang='lat' dir='ltr'><strong>Ad</strong></span> <span class='ocrx_word' id='word_1_50' title='bbox 231 864 289 914; x_wconf 83' lang='lat' dir='ltr'><strong>te</strong></span> <span class='ocrx_word' id='word_1_51' title='bbox 315 861 569 929; x_wconf 86' lang='lat' dir='ltr'><strong>adueni0,</strong></span> <span class='ocrx_word' id='word_1_52' title='bbox 601 879 755 930; x_wconf 81' lang='lat' dir='ltr'><strong>spem</strong></span> <span class='ocrx_word' id='word_1_53' title='bbox 781 861 1016 914; x_wconf 85' lang='lat' dir='ltr'><strong>salutem</strong></span> <span class='ocrx_word' id='word_1_54' title='bbox 1042 860 1331 914; x_wconf 80' lang='lat' dir='ltr'><strong>eonsilium</strong></span> <span class='ocrx_word' id='word_1_55' title='bbox 1356 860 1625 914; x_wconf 81' lang='lat' dir='ltr'><strong>auxilium</strong></span> <span class='ocrx_word' id='word_1_56' title='bbox 1651 865 1925 929; x_wconf 78' lang='lat' dir='ltr'><strong>expetens,</strong></span> 
     </span>
     <span class='ocr_line' id='line_1_8' title="bbox 191 962 2084 1035; baseline 0 -16"><span class='ocrx_word' id='word_1_57' title='bbox 191 967 295 1021; x_wconf 74' lang='grc' dir='ltr'><strong>ΡΑ..</strong></span> <span class='ocrx_word' id='word_1_58' title='bbox 345 965 544 1034; x_wconf 81' lang='lat' dir='ltr'><strong>Neque</strong></span> <span class='ocrx_word' id='word_1_59' title='bbox 569 966 663 1035; x_wconf 89' lang='lat' dir='ltr'><strong>pol</strong></span> <span class='ocrx_word' id='word_1_60' title='bbox 689 965 881 1018; x_wconf 83' lang='lat' dir='ltr'><strong>consili</strong></span> <span class='ocrx_word' id='word_1_61' title='bbox 905 965 1089 1019; x_wconf 87' lang='lat' dir='ltr'><strong>locum</strong></span> <span class='ocrx_word' id='word_1_62' title='bbox 1113 965 1289 1018; x_wconf 78' lang='lat' dir='ltr'><strong>habeo</strong></span> <span class='ocrx_word' id='word_1_63' title='bbox 1307 967 1494 1034; x_wconf 74' lang='lat' dir='ltr'><strong>‘neque</strong></span> <span class='ocrx_word' id='word_1_64' title='bbox 1520 965 1694 1018; x_wconf 78' lang='lat' dir='ltr'><strong>auxili</strong></span> <span class='ocrx_word' id='word_1_65' title='bbox 1719 966 1943 1034; x_wconf 80' lang='lat' dir='ltr'><strong>copiam.</strong></span> <span class='ocrx_word' id='word_1_66' title='bbox 2042 962 2084 993; x_wconf 80' lang='lat'><strong>²⁰</strong></span> 
     </span>
     <span class='ocr_line' id='line_1_9' title="bbox 112 1059 2073 1139; baseline -0.001 -14"><span class='ocrx_word' id='word_1_67' title='bbox 112 1071 220 1125; x_wconf 83' lang='lat' dir='ltr'><strong>Sed</strong></span> <span class='ocrx_word' id='word_1_68' title='bbox 275 1071 420 1124; x_wconf 79' lang='lat' dir='ltr'><strong>istuc</strong></span> <span class='ocrx_word' id='word_1_69' title='bbox 477 1069 614 1139; x_wconf 89' lang='lat' dir='ltr'><strong>quid</strong></span> <span class='ocrx_word' id='word_1_70' title='bbox 653 1070 883 1124; x_wconf 74' lang='lat' dir='ltr'><strong>namet?</strong></span> <span class='ocrx_word' id='word_1_71' title='bbox 993 1059 1130 1124; x_wconf 45' lang='lat' dir='ltr'><strong>CHJ</strong></span> <span class='ocrx_word' id='word_1_72' title='bbox 1163 1069 1349 1124; x_wconf 84' lang='lat' dir='ltr'><strong>Hodie</strong></span> <span class='ocrx_word' id='word_1_73' title='bbox 1391 1087 1622 1123; x_wconf 86' lang='lat' dir='ltr'><strong>uxorem</strong></span> <span class='ocrx_word' id='word_1_74' title='bbox 1667 1070 1867 1123; x_wconf 73' lang='lat' dir='ltr'><strong>ducis?</strong></span> <span class='ocrx_word' id='word_1_75' title='bbox 1971 1071 2073 1123; x_wconf 71' lang='grc' dir='ltr'><strong>ΡΑ.</strong></span> 
     </span>
     <span class='ocr_line' id='line_1_10' title="bbox 350 1173 1092 1243; baseline -0.003 -15"><span class='ocrx_word' id='word_1_76' title='bbox 350 1175 542 1229; x_wconf 84' lang='lat' dir='ltr'><strong>Aiunt.</strong></span> <span class='ocrx_word' id='word_1_77' title='bbox 632 1173 734 1228; x_wconf 76' lang='lat' dir='ltr'><strong>Cn.</strong></span> <span class='ocrx_word' id='word_1_78' title='bbox 785 1173 1092 1243; x_wconf 80' lang='lat' dir='ltr'><strong>Pamphile,</strong></span> 
     </span>
     <span class='ocr_line' id='line_1_11' title="bbox 110 1275 2071 1347; baseline -0.001 -13"><span class='ocrx_word' id='word_1_79' title='bbox 110 1281 169 1334; x_wconf 88' lang='lat' dir='ltr'><strong>Si</strong></span> <span class='ocrx_word' id='word_1_80' title='bbox 193 1280 254 1333; x_wconf 92' lang='lat' dir='ltr'><strong>id</strong></span> <span class='ocrx_word' id='word_1_81' title='bbox 289 1279 443 1347; x_wconf 73' lang='lat' dir='ltr'><strong>facie,</strong></span> <span class='ocrx_word' id='word_1_82' title='bbox 474 1279 638 1331; x_wconf 91' lang='lat' dir='ltr'><strong>hodie</strong></span> <span class='ocrx_word' id='word_1_83' title='bbox 680 1275 1018 1347; x_wconf 72' lang='lat' dir='ltr'><strong>posti-einum</strong></span> <span class='ocrx_word' id='word_1_84' title='bbox 1057 1295 1147 1330; x_wconf 92' lang='lat' dir='ltr'><strong>me</strong></span> <span class='ocrx_word' id='word_1_85' title='bbox 1184 1278 1354 1333; x_wconf 66' lang='lat' dir='ltr'><strong>uideat.</strong></span> <span class='ocrx_word' id='word_1_86' title='bbox 1442 1277 1545 1332; x_wconf 72' lang='grc' dir='ltr'><strong>ΡΑ.</strong></span> <span class='ocrx_word' id='word_1_87' title='bbox 1595 1277 1743 1342; x_wconf 86' lang='lat' dir='ltr'><strong>Quid</strong></span> <span class='ocrx_word' id='word_1_88' title='bbox 1768 1279 1891 1331; x_wconf 65' lang='lat' dir='ltr'><strong>ita?</strong></span> <span class='ocrx_word' id='word_1_89' title='bbox 1972 1279 2071 1332; x_wconf 77' lang='lat' dir='ltr'><strong>on.</strong></span> 
     </span>
     <span class='ocr_line' id='line_1_12' title="bbox 345 1361 1775 1450; baseline 0.001 -14"><span class='ocrx_word' id='word_1_90' title='bbox 345 1383 416 1436; x_wconf 81' lang='lat' dir='ltr'><strong>Ei</strong></span> <span class='ocrx_word' id='word_1_91' title='bbox 439 1381 594 1450; x_wconf 71' lang='lat' dir='ltr'><strong>mihi,</strong></span> <span class='ocrx_word' id='word_1_92' title='bbox 1770 1361 1775 1368; x_wconf 76' lang='grc'><strong>’</strong></span> 
     </span>
     <span class='ocr_line' id='line_1_13' title="bbox 106 1486 2069 1556; baseline 0 -16"><span class='ocrx_word' id='word_1_93' title='bbox 106 1488 316 1543; x_wconf 85' lang='lat' dir='ltr'><strong>Vereor</strong></span> <span class='ocrx_word' id='word_1_94' title='bbox 342 1488 521 1541; x_wconf 86' lang='lat' dir='ltr'><strong>dicere</strong></span> <span class='ocrx_word' id='word_1_95' title='bbox 550 1506 563 1542; x_wconf 90' lang='lat'><strong>:</strong></span> <span class='ocrx_word' id='word_1_96' title='bbox 603 1487 733 1540; x_wconf 87' lang='lat' dir='ltr'><strong>huie</strong></span> <span class='ocrx_word' id='word_1_97' title='bbox 759 1486 849 1540; x_wconf 84' lang='lat' dir='ltr'><strong>die</strong></span> <span class='ocrx_word' id='word_1_98' title='bbox 877 1504 1083 1556; x_wconf 69' lang='lat' dir='ltr'><strong>queem,</strong></span> <span class='ocrx_word' id='word_1_99' title='bbox 1117 1486 1327 1556; x_wconf 80' lang='lat' dir='ltr'><strong>Byrria.</strong></span> <span class='ocrx_word' id='word_1_100' title='bbox 1390 1487 1493 1541; x_wconf 78' lang='grc' dir='ltr'><strong>ΒΥ.</strong></span> <span class='ocrx_word' id='word_1_101' title='bbox 1542 1487 1659 1555; x_wconf 84' lang='lat' dir='ltr'><strong>Ego</strong></span> <span class='ocrx_word' id='word_1_102' title='bbox 1685 1488 1878 1541; x_wconf 83' lang='lat' dir='ltr'><strong>dicam.</strong></span> <span class='ocrx_word' id='word_1_103' title='bbox 1968 1488 2069 1540; x_wconf 73' lang='grc' dir='ltr'><strong>ΡΑ.</strong></span> 
     </span>
     <span class='ocr_line' id='line_1_14' title="bbox 239 1591 648 1659; baseline 0.002 -15"><span class='ocrx_word' id='word_1_104' title='bbox 239 1651 248 1659; x_wconf 91' lang='lat'><strong>.</strong></span> <span class='ocrx_word' id='word_1_105' title='bbox 347 1591 495 1656; x_wconf 85' lang='lat' dir='ltr'><strong>Quid</strong></span> <span class='ocrx_word' id='word_1_106' title='bbox 521 1594 605 1644; x_wconf 78' lang='lat' dir='ltr'><strong>eet</strong></span> <span class='ocrx_word' id='word_1_107' title='bbox 627 1591 648 1645; x_wconf 75' lang='lat'><strong><em>2</em></strong></span> 
     </span>
     <span class='ocr_line' id='line_1_15' title="bbox 182 1694 2077 1764; baseline 0 -16"><span class='ocrx_word' id='word_1_108' title='bbox 182 1695 288 1750; x_wconf 74' lang='grc' dir='ltr'><strong>ΒΥ.</strong></span> <span class='ocrx_word' id='word_1_109' title='bbox 339 1695 604 1764; x_wconf 78' lang='lat' dir='ltr'><strong>Sponsam</strong></span> <span class='ocrx_word' id='word_1_110' title='bbox 641 1694 732 1748; x_wconf 85' lang='lat' dir='ltr'><strong>hie</strong></span> <span class='ocrx_word' id='word_1_111' title='bbox 769 1699 928 1748; x_wconf 87' lang='lat' dir='ltr'><strong>tuam</strong></span> <span class='ocrx_word' id='word_1_112' title='bbox 969 1699 1141 1750; x_wconf 85' lang='lat' dir='ltr'><strong>amat.</strong></span> <span class='ocrx_word' id='word_1_113' title='bbox 1243 1695 1345 1751; x_wconf 74' lang='grc' dir='ltr'><strong>ΡΑ.</strong></span> <span class='ocrx_word' id='word_1_114' title='bbox 1393 1695 1483 1748; x_wconf 88' lang='lat' dir='ltr'><strong>Ne</strong></span> <span class='ocrx_word' id='word_1_115' title='bbox 1530 1695 1634 1749; x_wconf 81' lang='lat' dir='ltr'><strong>iste</strong></span> <span class='ocrx_word' id='word_1_116' title='bbox 1672 1695 1823 1748; x_wconf 78' lang='lat' dir='ltr'><strong>haud</strong></span> <span class='ocrx_word' id='word_1_117' title='bbox 1863 1713 2077 1749; x_wconf 86' lang='lat' dir='ltr'><strong>mecum</strong></span> 
     </span>
     <span class='ocr_line' id='line_1_16' title="bbox 345 1777 1893 1855; baseline 0.002 -3"><span class='ocrx_word' id='word_1_118' title='bbox 345 1799 530 1853; x_wconf 72' lang='lat' dir='ltr'><strong>sentit.</strong></span> <span class='ocrx_word' id='word_1_119' title='bbox 617 1799 874 1852; x_wconf 77' lang='lat' dir='ltr'><strong>Ehodum</strong></span> <span class='ocrx_word' id='word_1_120' title='bbox 899 1800 988 1854; x_wconf 78' lang='lat' dir='ltr'><strong>dic</strong></span> <span class='ocrx_word' id='word_1_121' title='bbox 1007 1800 1145 1853; x_wconf 71' lang='lat' dir='ltr'><strong>mihi</strong></span> <span class='ocrx_word' id='word_1_122' title='bbox 1174 1819 1186 1855; x_wconf 68' lang='grc' dir='ltr'><strong>ι</strong></span> <span class='ocrx_word' id='word_1_123' title='bbox 1888 1777 1893 1787; x_wconf 80' lang='grc'>’</span> 
     </span>
     <span class='ocr_line' id='line_1_17' title="bbox 102 1879 2069 1973; baseline 0 -17"><span class='ocrx_word' id='word_1_124' title='bbox 102 1902 527 1971; x_wconf 85' lang='lat' dir='ltr'><strong>Numquidnam</strong></span> <span class='ocrx_word' id='word_1_125' title='bbox 574 1904 809 1973; x_wconf 76' lang='lat' dir='ltr'><strong>amplius</strong></span> <span class='ocrx_word' id='word_1_126' title='bbox 843 1904 950 1958; x_wconf 87' lang='lat' dir='ltr'><strong>tibi</strong></span> <span class='ocrx_word' id='word_1_127' title='bbox 981 1922 1110 1958; x_wconf 86' lang='lat' dir='ltr'><strong>cum</strong></span> <span class='ocrx_word' id='word_1_128' title='bbox 1135 1904 1232 1957; x_wconf 87' lang='lat' dir='ltr'><strong>illa</strong></span> <span class='ocrx_word' id='word_1_129' title='bbox 1270 1903 1399 1971; x_wconf 87' lang='lat' dir='ltr'><strong>fuit,</strong></span> <span class='ocrx_word' id='word_1_130' title='bbox 1438 1879 1715 1956; x_wconf 74' lang='lat' dir='ltr'><strong>Charine?</strong></span> <span class='ocrx_word' id='word_1_131' title='bbox 1810 1903 1911 1958; x_wconf 77' lang='lat' dir='ltr'><strong>Cn.</strong></span> <span class='ocrx_word' id='word_1_132' title='bbox 1960 1904 2069 1971; x_wconf 91' lang='lat' dir='ltr'><strong>Ah,</strong></span> 
     </span>
     <span class='ocr_line' id='line_1_18' title="bbox 343 1991 2155 2075; baseline 0.001 -16"><span class='ocrx_word' id='word_1_133' title='bbox 343 2006 649 2075; x_wconf 83' lang='lat' dir='ltr'><strong>Pamphile,</strong></span> <span class='ocrx_word' id='word_1_134' title='bbox 2034 2005 2075 2037; x_wconf 69' lang='lat'><strong>²²⁵</strong></span> <span class='ocrx_word' id='word_1_135' title='bbox 2150 1991 2155 2002; x_wconf 44' lang='grc' dir='ltr'>Ι</span> 
     </span>
     <span class='ocr_line' id='line_1_19' title="bbox 100 2110 2176 2180; baseline 0.001 -16"><span class='ocrx_word' id='word_1_136' title='bbox 100 2110 216 2164; x_wconf 86' lang='lat' dir='ltr'><strong>Nil.</strong></span> <span class='ocrx_word' id='word_1_137' title='bbox 307 2111 410 2164; x_wconf 74' lang='grc' dir='ltr'><strong>ΡΑ.</strong></span> <span class='ocrx_word' id='word_1_138' title='bbox 460 2110 640 2174; x_wconf 84' lang='lat' dir='ltr'><strong>Quam</strong></span> <span class='ocrx_word' id='word_1_139' title='bbox 665 2111 868 2164; x_wconf 88' lang='lat' dir='ltr'><strong>uellem</strong></span> <span class='ocrx_word' id='word_1_140' title='bbox 893 2114 906 2166; x_wconf 75' lang='grc' dir='ltr'><strong>Ξ</strong></span> <span class='ocrx_word' id='word_1_141' title='bbox 990 2111 1092 2167; x_wconf 81' lang='lat'>011.</span> <span class='ocrx_word' id='word_1_142' title='bbox 1142 2112 1203 2165; x_wconf 89' lang='lat' dir='ltr'>N</span> <span class='ocrx_word' id='word_1_143' title='bbox 1202 2129 1312 2166; x_wconf 85' lang='lat' dir='ltr'><strong>une</strong></span> <span class='ocrx_word' id='word_1_144' title='bbox 1346 2115 1405 2165; x_wconf 99' lang='lat' dir='ltr'><strong>te</strong></span> <span class='ocrx_word' id='word_1_145' title='bbox 1438 2129 1536 2180; x_wconf 89' lang='lat' dir='ltr'><strong>per</strong></span> <span class='ocrx_word' id='word_1_146' title='bbox 1560 2111 1857 2166; x_wconf 72' lang='lat' dir='ltr'><strong>amicitiam</strong></span> <span class='ocrx_word' id='word_1_147' title='bbox 1885 2115 1943 2166; x_wconf 85' lang='lat' dir='ltr'><strong>et</strong></span> <span class='ocrx_word' id='word_1_148' title='bbox 1980 2129 2078 2180; x_wconf 89' lang='lat' dir='ltr'><strong>per</strong></span> <span class='ocrx_word' id='word_1_149' title='bbox 2112 2131 2176 2172; x_wconf 71' lang='lat' dir='ltr'><strong>-v</strong></span> 
     </span>
     <span class='ocr_line' id='line_1_20' title="bbox 343 2215 848 2283; baseline 0.004 -17"><span class='ocrx_word' id='word_1_150' title='bbox 343 2231 582 2268; x_wconf 87' lang='lat' dir='ltr'><strong>amorem</strong></span> <span class='ocrx_word' id='word_1_151' title='bbox 608 2215 848 2283; x_wconf 78' lang='lat' dir='ltr'><strong>obsecro,</strong></span> 
     </span>
     <span class='ocr_line' id='line_1_21' title="bbox 96 2318 2065 2390; baseline 0.001 -18"><span class='ocrx_word' id='word_1_152' title='bbox 96 2320 382 2389; x_wconf 84' lang='lat' dir='ltr'><strong>Principio</strong></span> <span class='ocrx_word' id='word_1_153' title='bbox 429 2325 495 2374; x_wconf 87' lang='lat' dir='ltr'><strong>ut</strong></span> <span class='ocrx_word' id='word_1_154' title='bbox 547 2339 618 2374; x_wconf 89' lang='lat' dir='ltr'><strong>ne</strong></span> <span class='ocrx_word' id='word_1_155' title='bbox 666 2320 848 2376; x_wconf 70' lang='lat' dir='ltr'><strong>(lucae.</strong></span> <span class='ocrx_word' id='word_1_156' title='bbox 958 2322 1061 2376; x_wconf 77' lang='grc' dir='ltr'><strong>ΡΑ.</strong></span> <span class='ocrx_word' id='word_1_157' title='bbox 1109 2321 1269 2377; x_wconf 85' lang='lat' dir='ltr'><strong>Dabo</strong></span> <span class='ocrx_word' id='word_1_158' title='bbox 1316 2318 1576 2390; x_wconf 89' lang='lat' dir='ltr'><strong>equidem</strong></span> <span class='ocrx_word' id='word_1_159' title='bbox 1629 2337 1862 2390; x_wconf 88' lang='lat' dir='ltr'><strong>operam.</strong></span> <span class='ocrx_word' id='word_1_160' title='bbox 1966 2321 2065 2374; x_wconf 76' lang='lat' dir='ltr'><strong>On.</strong></span> 
     </span>
     <span class='ocr_line' id='line_1_22' title="bbox 343 2423 974 2494; baseline 0 -16"><span class='ocrx_word' id='word_1_161' title='bbox 343 2423 450 2478; x_wconf 86' lang='lat' dir='ltr'><strong>Sed</strong></span> <span class='ocrx_word' id='word_1_162' title='bbox 477 2425 524 2478; x_wconf 79' lang='lat' dir='ltr'><strong>si</strong></span> <span class='ocrx_word' id='word_1_163' title='bbox 549 2425 609 2478; x_wconf 89' lang='lat' dir='ltr'><strong>id</strong></span> <span class='ocrx_word' id='word_1_164' title='bbox 635 2442 748 2478; x_wconf 89' lang='lat' dir='ltr'><strong>non</strong></span> <span class='ocrx_word' id='word_1_165' title='bbox 774 2429 974 2494; x_wconf 83' lang='lat' dir='ltr'><strong>potest,</strong></span> 
     </span>
     <span class='ocr_line' id='line_1_23' title="bbox 95 2527 2075 2606; baseline 0.001 -27"><span class='ocrx_word' id='word_1_166' title='bbox 95 2529 216 2580; x_wconf 83' lang='lat' dir='ltr'><strong>Aut</strong></span> <span class='ocrx_word' id='word_1_167' title='bbox 270 2527 380 2580; x_wconf 85' lang='lat' dir='ltr'><strong>tibi</strong></span> <span class='ocrx_word' id='word_1_168' title='bbox 420 2528 650 2606; x_wconf 43' lang='lat' dir='ltr'><strong>nuptiae·</strong></span> <span class='ocrx_word' id='word_1_169' title='bbox 673 2528 792 2582; x_wconf 84' lang='lat' dir='ltr'><strong>haeo</strong></span> <span class='ocrx_word' id='word_1_170' title='bbox 844 2532 976 2582; x_wconf 83' lang='lat' dir='ltr'><strong>sunt</strong></span> <span class='ocrx_word' id='word_1_171' title='bbox 1020 2528 1189 2585; x_wconf 81' lang='lat' dir='ltr'><strong>cordi.</strong></span> <span class='ocrx_word' id='word_1_172' title='bbox 1292 2529 1394 2584; x_wconf 72' lang='grc' dir='ltr'><strong>ΡΑ.</strong></span> <span class='ocrx_word' id='word_1_173' title='bbox 1445 2529 1610 2582; x_wconf 85' lang='lat' dir='ltr'><strong>Cordi</strong></span> <span class='ocrx_word' id='word_1_174' title='bbox 1633 2529 1654 2582; x_wconf 71' lang='lat'><em>2</em></span> <span class='ocrx_word' id='word_1_175' title='bbox 1732 2528 1834 2583; x_wconf 77' lang='grc' dir='ltr'><strong>ΟΠ.</strong></span> <span class='ocrx_word' id='word_1_176' title='bbox 1882 2529 2075 2582; x_wconf 80' lang='lat' dir='ltr'><strong>saltem</strong></span> 
     </span>
     <span class='ocr_line' id='line_1_24' title="bbox 341 2632 1643 2700; baseline 0.002 -16"><span class='ocrx_word' id='word_1_177' title='bbox 341 2633 554 2700; x_wconf 87' lang='lat' dir='ltr'><strong>aliquot</strong></span> <span class='ocrx_word' id='word_1_178' title='bbox 581 2632 698 2685; x_wconf 83' lang='lat' dir='ltr'><strong>dies</strong></span> <span class='ocrx_word' id='word_1_179' title='bbox 1171 2655 1179 2660; x_wconf 94' lang='lat'>·</span> <span class='ocrx_word' id='word_1_180' title='bbox 1639 2649 1643 2656; x_wconf 90' lang='lat'>·</span> 
     </span>
     <span class='ocr_line' id='line_1_25' title="bbox 95 2736 2070 2806; baseline 0.001 -17"><span class='ocrx_word' id='word_1_181' title='bbox 95 2737 314 2804; x_wconf 87' lang='lat' dir='ltr'><strong>Profer,</strong></span> <span class='ocrx_word' id='word_1_182' title='bbox 340 2737 476 2790; x_wconf 84' lang='lat' dir='ltr'><strong>dum</strong></span> <span class='ocrx_word' id='word_1_183' title='bbox 502 2737 814 2806; x_wconf 73' lang='lat' dir='ltr'><strong>proficiscor</strong></span> <span class='ocrx_word' id='word_1_184' title='bbox 839 2738 1043 2806; x_wconf 85' lang='lat' dir='ltr'><strong>aliquo,</strong></span> <span class='ocrx_word' id='word_1_185' title='bbox 1074 2755 1146 2790; x_wconf 89' lang='lat' dir='ltr'><strong>ne</strong></span> <span class='ocrx_word' id='word_1_186' title='bbox 1165 2737 1400 2791; x_wconf 87' lang='lat' dir='ltr'><strong>uideam.</strong></span> <span class='ocrx_word' id='word_1_187' title='bbox 1465 2737 1569 2792; x_wconf 57' lang='lat' dir='ltr'><strong>Pi.</strong></span> <span class='ocrx_word' id='word_1_188' title='bbox 1602 2736 1754 2790; x_wconf 86' lang='lat' dir='ltr'><strong>Audi</strong></span> <span class='ocrx_word' id='word_1_189' title='bbox 1779 2754 1927 2789; x_wconf 86' lang='lat' dir='ltr'><strong>nunc</strong></span> <span class='ocrx_word' id='word_1_190' title='bbox 1946 2736 2070 2790; x_wconf 86' lang='lat' dir='ltr'><strong>iam.</strong></span> 
     </span>
     <span class='ocr_line' id='line_1_26' title="bbox 90 2837 2074 2910; baseline 0 -16"><span class='ocrx_word' id='word_1_191' title='bbox 90 2840 231 2908; x_wconf 81' lang='lat' dir='ltr'><strong>EgO,</strong></span> <span class='ocrx_word' id='word_1_192' title='bbox 265 2839 520 2909; x_wconf 80' lang='lat' dir='ltr'><strong>Charine,</strong></span> <span class='ocrx_word' id='word_1_193' title='bbox 550 2843 876 2910; x_wconf 88' lang='lat' dir='ltr'><strong>neutiquam</strong></span> <span class='ocrx_word' id='word_1_194' title='bbox 902 2843 1140 2896; x_wconf 76' lang='lat' dir='ltr'><strong>officium</strong></span> <span class='ocrx_word' id='word_1_195' title='bbox 1167 2841 1326 2895; x_wconf 84' lang='lat' dir='ltr'><strong>liberi</strong></span> <span class='ocrx_word' id='word_1_196' title='bbox 1351 2859 1467 2895; x_wconf 79' lang='lat' dir='ltr'><strong>esse</strong></span> <span class='ocrx_word' id='word_1_197' title='bbox 1493 2841 1731 2894; x_wconf 81' lang='lat' dir='ltr'><strong>hominis</strong></span> <span class='ocrx_word' id='word_1_198' title='bbox 1757 2845 1914 2910; x_wconf 84' lang='lat' dir='ltr'><strong>put0,</strong></span> <span class='ocrx_word' id='word_1_199' title='bbox 2034 2837 2074 2869; x_wconf 76' lang='lat'><strong>⁸⁰</strong></span> 
     </span>
     <span class='ocr_line' id='line_1_27' title="bbox 95 2944 1710 3014; baseline 0.001 -17"><span class='ocrx_word' id='word_1_200' title='bbox 95 2944 282 3008; x_wconf 84' lang='lat' dir='ltr'><strong>Quom</strong></span> <span class='ocrx_word' id='word_1_201' title='bbox 307 2945 358 2997; x_wconf 83' lang='lat' dir='ltr'><strong>is</strong></span> <span class='ocrx_word' id='word_1_202' title='bbox 383 2945 466 2998; x_wconf 90' lang='lat' dir='ltr'><strong>nil</strong></span> <span class='ocrx_word' id='word_1_203' title='bbox 492 2950 717 3014; x_wconf 85' lang='lat' dir='ltr'><strong>mereat,</strong></span> <span class='ocrx_word' id='word_1_204' title='bbox 748 2947 1026 3014; x_wconf 79' lang='lat' dir='ltr'><strong>postulare</strong></span> <span class='ocrx_word' id='word_1_205' title='bbox 1052 2946 1112 2999; x_wconf 92' lang='lat' dir='ltr'><strong>id</strong></span> <span class='ocrx_word' id='word_1_206' title='bbox 1139 2944 1335 3014; x_wconf 80' lang='lat' dir='ltr'><strong>gratioe</strong></span> <span class='ocrx_word' id='word_1_207' title='bbox 1361 2945 1565 3014; x_wconf 85' lang='lat' dir='ltr'><strong>adponi</strong></span> <span class='ocrx_word' id='word_1_208' title='bbox 1591 2945 1710 2999; x_wconf 81' lang='lat' dir='ltr'><strong>sibi.</strong></span> 
     </span>
     <span class='ocr_line' id='line_1_28' title="bbox 93 3037 1637 3119; baseline 0.001 -18"><span class='ocrx_word' id='word_1_209' title='bbox 93 3048 347 3118; x_wconf 73' lang='lat' dir='ltr'><strong>Nuptias</strong></span> <span class='ocrx_word' id='word_1_210' title='bbox 373 3050 621 3118; x_wconf 84' lang='lat' dir='ltr'><strong>ecfugere</strong></span> <span class='ocrx_word' id='word_1_211' title='bbox 649 3068 749 3118; x_wconf 89' lang='lat' dir='ltr'><strong>ego</strong></span> <span class='ocrx_word' id='word_1_212' title='bbox 775 3051 910 3104; x_wconf 80' lang='lat' dir='ltr'><strong>istas</strong></span> <span class='ocrx_word' id='word_1_213' title='bbox 937 3051 1084 3104; x_wconf 88' lang='lat' dir='ltr'><strong>malo</strong></span> <span class='ocrx_word' id='word_1_214' title='bbox 1111 3037 1279 3119; x_wconf 64' lang='lat' dir='ltr'><strong>quain</strong></span> <span class='ocrx_word' id='word_1_215' title='bbox 1304 3054 1371 3104; x_wconf 87' lang='lat' dir='ltr'><strong>tu</strong></span> <span class='ocrx_word' id='word_1_216' title='bbox 1396 3050 1637 3119; x_wconf 77' lang='lat' dir='ltr'><strong>apiscier.</strong></span> 
     </span>
     <span class='ocr_line' id='line_1_29' title="bbox 173 3153 2071 3223; baseline 0 -17"><span class='ocrx_word' id='word_1_217' title='bbox 173 3154 282 3208; x_wconf 70' lang='grc' dir='ltr'><strong>ΟΠ.</strong></span> <span class='ocrx_word' id='word_1_218' title='bbox 333 3153 652 3207; x_wconf 83' lang='lat' dir='ltr'><strong>Reddidisti</strong></span> <span class='ocrx_word' id='word_1_219' title='bbox 693 3155 955 3210; x_wconf 89' lang='lat' dir='ltr'><strong>animum.</strong></span> <span class='ocrx_word' id='word_1_220' title='bbox 1064 3155 1167 3209; x_wconf 73' lang='grc' dir='ltr'><strong>ΡΑ.</strong></span> <span class='ocrx_word' id='word_1_221' title='bbox 1219 3155 1279 3208; x_wconf 86' lang='lat' dir='ltr'>N</span> <span class='ocrx_word' id='word_1_222' title='bbox 1278 3172 1387 3208; x_wconf 86' lang='lat' dir='ltr'><strong>uno</strong></span> <span class='ocrx_word' id='word_1_223' title='bbox 1434 3155 1617 3223; x_wconf 84' lang='lat' dir='ltr'><strong>siquid</strong></span> <span class='ocrx_word' id='word_1_224' title='bbox 1662 3158 1819 3223; x_wconf 79' lang='lat' dir='ltr'><strong>potes</strong></span> <span class='ocrx_word' id='word_1_225' title='bbox 1864 3157 1964 3207; x_wconf 90' lang='lat' dir='ltr'><strong>aut</strong></span> <span class='ocrx_word' id='word_1_226' title='bbox 2011 3158 2071 3207; x_wconf 88' lang='lat' dir='ltr'><strong>tu</strong></span> 
     </span>
     <span class='ocr_line' id='line_1_30' title="bbox 338 3241 1544 3326; baseline 0.002 -16"><span class='ocrx_word' id='word_1_227' title='bbox 338 3261 436 3310; x_wconf 87' lang='lat' dir='ltr'><strong>aut</strong></span> <span class='ocrx_word' id='word_1_228' title='bbox 462 3257 553 3311; x_wconf 80' lang='lat' dir='ltr'><strong>hic</strong></span> <span class='ocrx_word' id='word_1_229' title='bbox 579 3257 794 3326; x_wconf 86' lang='lat' dir='ltr'><strong>Byrria,</strong></span> <span class='ocrx_word' id='word_1_230' title='bbox 1532 3241 1544 3248; x_wconf 20' lang='lat' dir='ltr'>N</span> 
     </span>
     <span class='ocr_line' id='line_1_31' title="bbox 87 3363 1558 3434; baseline 0.002 -19"><span class='ocrx_word' id='word_1_231' title='bbox 87 3363 304 3430; x_wconf 85' lang='lat' dir='ltr'><strong>Facite,</strong></span> <span class='ocrx_word' id='word_1_232' title='bbox 337 3363 548 3431; x_wconf 80' lang='lat' dir='ltr'><strong>fingite,</strong></span> <span class='ocrx_word' id='word_1_233' title='bbox 578 3364 845 3432; x_wconf 86' lang='lat' dir='ltr'><strong>invenite,</strong></span> <span class='ocrx_word' id='word_1_234' title='bbox 877 3364 1073 3417; x_wconf 80' lang='lat' dir='ltr'><strong>efficite</strong></span> <span class='ocrx_word' id='word_1_235' title='bbox 1103 3365 1201 3434; x_wconf 85' lang='lat' dir='ltr'><strong>qui</strong></span> <span class='ocrx_word' id='word_1_236' title='bbox 1228 3364 1391 3418; x_wconf 87' lang='lat' dir='ltr'><strong>detur</strong></span> <span class='ocrx_word' id='word_1_237' title='bbox 1415 3363 1521 3417; x_wconf 91' lang='lat' dir='ltr'><strong>tibi</strong></span> <span class='ocrx_word' id='word_1_238' title='bbox 1545 3381 1558 3418; x_wconf 92' lang='lat'><strong>:</strong></span> 
     </span>
     <span class='ocr_line' id='line_1_32' title="bbox 89 3461 2103 3536; baseline 0.001 -16"><span class='ocrx_word' id='word_1_239' title='bbox 89 3468 210 3536; x_wconf 78' lang='lat' dir='ltr'><strong>Ego</strong></span> <span class='ocrx_word' id='word_1_240' title='bbox 255 3467 316 3521; x_wconf 90' lang='lat' dir='ltr'><strong>id</strong></span> <span class='ocrx_word' id='word_1_241' title='bbox 363 3485 540 3536; x_wconf 82' lang='lat' dir='ltr'><strong>agam,</strong></span> <span class='ocrx_word' id='word_1_242' title='bbox 590 3467 728 3521; x_wconf 88' lang='lat' dir='ltr'><strong>mihi</strong></span> <span class='ocrx_word' id='word_1_243' title='bbox 774 3468 872 3536; x_wconf 91' lang='lat' dir='ltr'><strong>qui</strong></span> <span class='ocrx_word' id='word_1_244' title='bbox 925 3486 996 3521; x_wconf 86' lang='lat' dir='ltr'><strong>ne</strong></span> <span class='ocrx_word' id='word_1_245' title='bbox 1052 3469 1230 3524; x_wconf 83' lang='lat' dir='ltr'><strong>detur.</strong></span> <span class='ocrx_word' id='word_1_246' title='bbox 1347 3468 1452 3523; x_wconf 78' lang='lat' dir='ltr'><strong>CH.</strong></span> <span class='ocrx_word' id='word_1_247' title='bbox 1516 3467 1614 3521; x_wconf 83' lang='lat' dir='ltr'><strong>Sat</strong></span> <span class='ocrx_word' id='word_1_248' title='bbox 1666 3468 1854 3523; x_wconf 80' lang='lat' dir='ltr'><strong>habeo,</strong></span> <span class='ocrx_word' id='word_1_249' title='bbox 1964 3468 2067 3522; x_wconf 74' lang='grc' dir='ltr'><strong>ΡΑ.</strong></span> <span class='ocrx_word' id='word_1_250' title='bbox 2092 3461 2103 3473; x_wconf 79' lang='lat'><em>&#39;</em></span> 
     </span>
     <span class='ocr_line' id='line_1_33' title="bbox 335 3571 2075 3642; baseline 0.002 -17"><span class='ocrx_word' id='word_1_251' title='bbox 335 3571 554 3627; x_wconf 89' lang='lat' dir='ltr'><strong>Dauom</strong></span> <span class='ocrx_word' id='word_1_252' title='bbox 579 3577 806 3642; x_wconf 87' lang='lat' dir='ltr'><strong>optume</strong></span> <span class='ocrx_word' id='word_1_253' title='bbox 1047 3603 1052 3612; x_wconf 90' lang='lat'><em>·</em></span> <span class='ocrx_word' id='word_1_254' title='bbox 2032 3576 2075 3608; x_wconf 76' lang='lat'><strong>³⁵</strong></span> 
     </span>
    </p>
   </div>
  </div>
 </body>
</html>
