2342 3992
962 169 1224 214 Annum.
1993 160 2028 216 4
2045 159 2076 217 1

690 742 980 807 AGTVS
1026 744 1393 809 V.—-Scm1.
1426 745 1481 809 Ι.

982 884 1208 919 —4—

822 1036 1099 1076 mmm.
1185 1037 1336 1078 suto,
1789 1085 1796 1090 ⁶

174 1151 285 1206 On.
340 1149 486 1203 Satis
511 1149 622 1202 iam
646 1148 798 1216 satis,
832 1148 1000 1217 Simo,
1030 1153 1275 1218 spectata
1299 1167 1427 1218 erga
1451 1154 1510 1204 te
1535 1151 1827 1207 amicitiast
1852 1171 1974 1208 mea
2001 1173 2016 1210 ε

35 1285 37 1292 ·
98 1255 246 1309 Satis
274 1253 469 1324 pericli
494 1252 675 1321 incepi
700 1253 851 1306 adire
876 1272 889 1308 :
930 1254 1123 1308 orandi
1147 1254 1258 1307 iam
1283 1255 1453 1308 finem
1477 1255 1608 1311 faoe.

96 1360 253 1413 Dum
281 1358 485 1412 studeo
512 1358 740 1427 obsequi
764 1359 889 1427 tibi,
920 1377 1077 1428 paene
1102 1360 1272 1413 inlusi
1297 1360 1474 1414 uitam
1500 1361 1644 1418 filiae.

180 1463 265 1542 Sr.
315 1462 497 1516 Immo
524 1462 672 1516 enim
706 1480 857 1516 nune
896 1480 1063 1532 quom
1101 1481 1358 1518 maxume
1401 1465 1499 1519 abs
1540 1467 1598 1520 te
1645 1468 1864 1536 postulo
1905 1472 2074 1537 atque
2171 1495 2176 1500 ·

344 1583 459 1634 oro,
490 1565 739 1634 Chreme,

101 1674 185 1726 Vt
212 1672 544 1726 beneficium
568 1672 752 1725 uerbis
777 1671 983 1725 initum
1009 1671 1222 1726 dudum
1249 1691 1398 1728 nune
1423 1693 1482 1728 re
1510 1675 1837 1744 comprobes.

182 1776 289 1831 ΟΒ.
338 1775 485 1829 Vide
512 1793 681 1844 quam
706 1775 926 1845 iniquos
952 1775 1026 1829 sis
1052 1793 1166 1845 prae
1193 1776 1380 1831 studio
1407 1796 1421 1832 ε
1463 1777 1599 1832 dum
1617 1779 1678 1832 id
1703 1780 1899 1833 efficias
1926 1780 2070 1849 quod

344 1881 517 1951 cupis,

106 1987 306 2056 Neque
332 1986 565 2043 modum
588 1985 947 2054 benignitatis
974 2003 1153 2054 neque
1182 1984 1318 2055 quid
1341 2003 1434 2039 me
1461 2003 1581 2039 ores
1607 1987 1811 2056 cogitas
1836 2005 1849 2042 ε

108 2090 166 2143 N
167 2107 257 2143 am
282 2088 329 2143 si
354 2089 576 2158 cogites,
607 2089 858 2141 remittas
884 2087 994 2141 iam
1019 2105 1108 2140 me
1135 2106 1362 2142 onerare
1387 2088 1617 2143 iniuriis.

189 2195 264 2250 ει.
314 2193 572 2260 Quibusv
672 2193 775 2247 on.
829 2193 905 2246 At
947 2193 1192 2261 rogitas?
1269 2171 1570 2262 Pe'rpulisti
1607 2212 1714 2263 me,
1758 2199 1826 2249 ut
1864 2195 2074 2251 homini

341 2297 756 2352 adulescentulo

112 2404 183 2454 [n
208 2403 313 2457 alio
338 2406 606 2472 occupato
631 2419 835 2469 amore,
864 2400 1184 2454 abhorrenti
1208 2402 1277 2455 ab
1302 2420 1363 2455 re
1389 2403 1604 2469 uxoria,
2036 2405 2076 2438 ¹⁶·

112 2505 309 2560 Filiam
334 2509 524 2564 darem
548 2507 609 2560 in
636 2507 963 2562 seditionem
990 2511 1158 2576 atque
1184 2507 1243 2560 in
1269 2508 1506 2562 incertas
1530 2511 1772 2580 nuptiae,

114 2609 249 2665 Eius
271 2613 457 2666 labore
485 2616 653 2682 atque
680 2611 798 2665 eius
825 2612 1013 2665 dolore
1039 2617 1210 2682 gnato
1235 2617 1301 2666 ut
1326 2615 1627 2668 medicarer
1650 2619 1752 2670 tuo
1776 2635 1788 2672 :

114 2715 410 2784 Inpetrasti
438 2736 450 2772 :
492 2717 689 2786 incepi,
720 2716 855 2770 dum
881 2733 969 2769 res
995 2716 1203 2771 tetulit.
1291 2719 1352 2770 N
1350 2735 1461 2771 uno
1486 2736 1600 2772 non
1625 2721 1735 2773 fert
1762 2739 1776 2775 ε
1816 2722 1970 2776 feras.

116 2817 271 2872 Illam
310 2820 441 2874 hine
485 2821 663 2874 ciuem
711 2837 827 2874 esse
870 2820 1030 2873 aiunt
1056 2838 1068 2874 :
1129 2838 1267 2889 puer
1319 2826 1403 2875 est
1456 2826 1622 2876 natus
1651 2841 1664 2878 z
1731 2842 1833 2878 nos
1884 2826 2076 2882 missos

342 2925 476 2978 face.

195 3026 267 3082 81.
328 3028 438 3081 -Per
494 3044 594 3096 ego
653 3031 711 3080 te
766 3028 898 3080 deos
945 3045 1059 3095 οπο,
1110 3031 1178 3081 ut
1242 3046 1314 3082 ne
1380 3029 1491 3083 illis
1545 3027 1795 3084 animum
1846 3033 2077 3088 inducas

342 3130 578 3198 eredere,
2038 3135 2076 3167 ιε

122 3232 319 3296 Quibus
344 3235 405 3288 id
432 3251 689 3288 maxume
715 3234 927 3301 utilest‚
959 3234 1120 3288 illum
1146 3252 1261 3288 esse
1289 3254 1456 3305 quam
1481 3238 1873 3293 deterrumum.

120 3335 445 3406 Nuptiarum
472 3338 649 3406 gratia
674 3337 793 3391 haeo
818 3342 952 3390 sunt
980 3339 1128 3392 faeta
1152 3343 1322 3426 atque
1347 3339 1566 3409 incepta
1592 3342 1791 3398 omnia.

126 3439 225 3494 Vbi
286 3460 349 3497 ea
396 3461 574 3511 eausa,
629 3442 982 3512 quamobrem
1049 3443 1167 3496 haee
1219 3444 1450 3513 faciunt,
1501 3445 1608 3498 erit
1660 3445 1916 3516 adempta
1967 3447 2070 3516 his,
2106 3471 2113 3484 ¹

344 3547 612 3600 desinent.
