2342 3992
740 147 1494 192 HEAVTON'HMORVMENOS·
1980 134 2097 190 113

123 304 273 368 Quae
313 303 405 356 hic
444 319 631 356 sumus
669 301 852 354 locuti.
943 300 1137 368 Clinia,
1168 297 1329 352 aliter
1353 302 1511 352 tuom
1538 314 1777 351 amorem
1802 300 1969 366 atque
2013 303 2098 351 est

242 379 251 384 “
374 407 571 475 accipis
594 425 607 460 ε

124 513 284 566 Nam
312 515 371 564 et
395 512 568 564 uitast
594 509 784 563 eadem
808 511 867 562 et
891 507 1107 562 animus
1131 511 1190 561 te
1217 525 1343 576 erga.
1367 506 1516 560 idem
1542 523 1606 560 ac
1631 505 1758 573 fuit,

126 615 421 680 Quantum
448 632 518 668 ex
543 614 663 682 ipsa
686 631 747 666 re
772 613 1141 666 coniecturam
1168 611 1412 664 fecimus,
2059 607 2100 639 ²⁵

215 718 377 773 Onu.
428 717 576 782 Quid
595 721 679 770 est
699 715 959 770 obsecro?
984 733 1114 770 nam
1132 715 1270 768 mihi
1289 732 1437 768 nunc
1457 715 1539 768 nil
1558 733 1741 768 rerum
1761 713 2060 770 omniumst

130 821 303 888 Quod
324 807 514 874 malim
542 837 709 890 quam
734 837 823 874 me
848 820 952 873 hoc
978 819 1115 872 falso
1144 819 1478 892 suspicax-ier:
1531 847 1549 861 —

216 925 311 979 SY.
359 925 486 978 Hoc
511 925 769 993 primum,
800 928 867 977 ut
892 923 1101 993 nequid
1126 923 1292 976 huius
1316 941 1500 976 rerum
1525 923 1742 992 ignores
1766 941 1778 978 :
1819 941 1976 992 anus,

131 1028 276 1093 Quae
303 1033 388 1082 est
412 1029 561 1082 dicta
587 1031 764 1081 mater
789 1045 903 1080 esse
931 1027 982 1080 ei
1008 1026 1258 1094 antehac,
1289 1044 1404 1079 non
1430 1026 1540 1080 fuit
1564 1045 1577 1080 ε

129 1134 220 1186 Ea
246 1132 385 1186 obiit
410 1136 643 1185 mortem
668 1150 681 1186 :
720 1132 826 1185 hoc
851 1132 969 1199 ipsa
994 1130 1055 1183 in
1080 1130 1276 1183 itinere
1303 1131 1488 1184 alterae
2061 1129 2104 1160 ³⁰

129 1235 289 1288 Dum
326 1239 532 1302 narrat,
562 1235 706 1288 forte
746 1234 949 1288 audiui.
1040 1233 1188 1288 Cur.
1238 1232 1557 1297 Quaenamst
1581 1235 1793 1289 altera?

217 1338 311 1392 SY.
359 1337 530 1392 Mane
555 1357 567 1392 :
609 1339 713 1392 hoc
740 1338 889 1408 quod
917 1338 1058 1407 coepi
1082 1338 1322 1406 primum
1349 1355 1613 1406 enarrem,
1646 1339 1884 1408 Clitipho
1911 1357 1923 1393 :

131 1443 275 1497 Post
300 1442 443 1496 istuc
468 1443 702 1496 ueniam.
777 1442 926 1496 Cur.
962 1443 1215 1510 Propera.
1291 1442 1383 1496 ΒΥ.
1419 1443 1540 1496 Iam
1566 1444 1804 1512 primum
1831 1443 2099 1512 omnium,

131 1546 252 1599 Vbi
278 1550 509 1599 uentum
536 1546 608 1599 ad
634 1546 769 1600 aedis
793 1550 895 1614 est,
926 1545 1133 1600 Dromo
1158 1547 1342 1615 pultat
1368 1547 1499 1600 foris
1523 1567 1535 1602 τ

131 1653 297 1704 Anus
324 1651 579 1721 quaedam
604 1651 789 1719 prodit
814 1670 826 1706 :
867 1651 986 1704 haec
1011 1651 1109 1704 ubi
1134 1651 1349 1720 aperuit
1376 1652 1593 1719 ostium,
2067 1649 2106 1681 ⁸⁵

133 1756 416 1810 Continuo
443 1755 535 1808 hic
562 1772 618 1808 se
646 1755 877 1809 coniecit
902 1755 1068 1822 intro,
1099 1772 1200 1823 ego
1227 1770 1526 1823 consequor
1550 1775 1562 1808 :

130 1862 295 1913 Anus
320 1859 531 1912 foribus
558 1859 715 1912 obdit
740 1859 1043 1928 pessulum,
1074 1859 1147 1912 ad
1171 1860 1356 1912 lanam
1382 1859 1539 1912 redit.

130 1963 288 2016 Hinc
312 1963 439 2016 sciri
463 1961 649 2030 potuit
676 1966 776 2015 aut
803 1980 1077 2032 nusquam
1104 1963 1254 2031 alibi,
1286 1960 1480 2030 Clinia,

130 2067 261 2130 Quo
288 2066 473 2119 studio
500 2065 679 2119 uitam
704 2083 859 2119 suam
886 2071 943 2118 te
969 2068 1196 2120 absente
1222 2066 1482 2134 exegerit,

128 2169 250 2222 Vbi
276 2169 346 2222 de
370 2169 650 2238 inprouiso
678 2169 1110 2223 interuentumst
1137 2170 1354 2224 mulieri
1379 2191 1391 2225 ε
2062 2170 2107 2205 ⁴⁰

128 2273 287 2326 Nam
314 2290 379 2326 ea
403 2290 491 2326 res
517 2272 671 2326 dedit
697 2276 823 2326 tum
848 2274 1220 2328 existumandi
1245 2276 1456 2343 copiam

130 2377 447 2430 Cotidianae
473 2377 608 2431 uitae
636 2377 1104 2445 consuetudinem,

130 2481 275 2544 Quae
302 2481 609 2549 quoiusque
636 2479 919 2549 ingenium
945 2486 1011 2534 ut
1038 2481 1112 2534 sit
1138 2461 1378 2535 declarat
1405 2501 1672 2538 maxume.

128 2586 437 2638 Texentem
462 2585 632 2638 telam
658 2586 901 2638 studiose
926 2586 1099 2654 ipsam
1128 2587 1468 2655 offendimuS,

128 2690 491 2742 Mediocriter
515 2690 777 2742 uestitam
802 2691 957 2742 ueste
982 2690 1205 2758 lugubri
2070 2693 2108 2726 *ὅ

128 2794 270 2846 Eius
296 2794 456 2846 anuis
484 2811 647 2847 causa
674 2795 867 2862 opinor
892 2812 1017 2862 quae
1045 2799 1161 2848 erat
1189 2800 1408 2850 mortua
1431 2817 1444 2852 ε

130 2899 266 2951 Sine
294 2916 428 2952 auro
455 2919 466 2952 :
507 2902 633 2951 tum
659 2902 910 2952 ornatam
934 2899 1015 2952 ita
1041 2899 1129 2952 uti
1155 2917 1281 2967 quae
1309 2907 1577 2954 ornantur
1603 2903 1724 2971 sibi,

122 3003 312 3068 Nulla
336 3003 481 3056 mala
504 3020 563 3056 re
592 3019 707 3055 esse
734 3003 1035 3071 expolitam
1060 3003 1312 3056 muliebri

129 3108 169 3141 -κ-
398 3105 451 3141 nx·
690 3105 727 3141 «κ-
968 3105 1003 3140 -x-
1245 3107 1280 3142 -x-
1521 3110 1555 3144 -κ

130 3211 384 3280 Capillus
408 3228 601 3280 passus
627 3212 836 3280 prolixe
864 3215 913 3264 et
940 3211 1143 3264 circum
1171 3217 1337 3281 caput

131 3315 397 3368 Reiectus
424 3315 790 3383 neglegenter,
822 3332 943 3383 pax.
1032 3315 1192 3370 ΟΜΝ.
1242 3316 1375 3385 Syre
1402 3319 1498 3386 mi,
1530 3288 1768 3390 obsecr-0,
2067 3321 2110 3352 ⁵⁰

132 3420 228 3472 Ne
255 3437 345 3472 me
372 3419 431 3472 in
461 3419 716 3474 laetitiam
744 3421 949 3474 frustra
974 3421 1220 3475 conicias
1311 3421 1403 3477 ΒΥ.
1451 3424 1608 3476 Anus

134 3523 439 3576 Subtemen
465 3524 631 3577 nebat
658 3542 669 3577 :
711 3527 973 3591 praeterea
999 3543 1111 3577 una
1138 3526 1396 3578 ancillula
