2342 3992
1242 0 1589 61 NV

1484 103 1506 135 ί

207 172 325 229 132
807 180 1293 226 HEAv'roN'nMou
1302 149 1567 250 ΥΜΕΝὰ.

279 334 369 389 On.
420 334 726 402 Quoiqwam
767 350 922 402 aeque
969 332 1175 386 audisti
1221 322 1521 388 commode‘
1550 332 1850 401 quicquam
1878 332 2195 385 euenisse?

437 437 526 491 ετ.
575 437 749 492 Num.
1422 420 1492 501 „‘

278 542 367 596 01.
415 542 601 611 Atque
639 541 722 595 ita
759 558 848 593 me
887 540 948 593 di
970 543 1190 608 -ament‚
1220 544 1287 593 ut
1326 557 1427 608 ego
1463 555 1615 592 nunc
1654 556 1769 593 non
1808 544 1926 593 tam
1950 545 2193 610 meapte

437 662 598 699 causa

201 748 384 802 Laetor
410 765 577 816 quam
602 748 766 816 illiue,
800 765 966 817 quam
993 764 1093 815 ego
1119 747 1231 800 scio
1255 764 1372 800 esee
1409 746 1617 800 honore
1645 746 1843 814 quouis
1868 745 2126 814 dignam.

280 852 372 906 SY.
420 851 512 905 Ita.
536 852 698 905 credo
723 870 736 906 z
779 850 874 904 sed
901 868 1064 919 nunc,
1099 850 1295 918 Clinia,
1326 867 1442 918 age,
1474 850 1547 903 da
1571 853 1629 903 te
1655 849 1795 902 mihi
1820 849 2072 903 uicissim
2099 870 2114 905 ε
2148 848 2189 877 ¹⁰

200 955 350 1008 Nam
376 955 538 1008 amici
563 972 782 1024 quoque
808 971 894 1007 res
921 957 1005 1007 est
1031 953 1273 1007 uidenda
1299 953 1361 1006 in
1385 956 1513 1006 tuto
1537 957 1605 1006 ut
1632 954 1961 1021 conlocetur,

203 1058 430 1126 Nequid
457 1058 526 1113 de
552 1057 724 1112 amica
761 1074 911 1111 nunc
937 1074 1119 1111 senex,
1208 1057 1299 1110 GL.
1348 1056 1397 1109 Ο
1424 1056 1687 1125 Iuppiter.
1776 1055 1868 1109 ΘΥ.
1918 1056 2175 1120 Quiesce.

281 1168 372 1221 01..
419 1162 710 1231 Antiphila
759 1180 884 1215 mea
935 1162 1107 1215 nubet
1158 1160 1309 1214 mihi.
1398 1160 1490 1214 St.
1554 1160 1702 1213 Sicin
1753 1160 1891 1213 mihi
1942 1159 2181 1213 interlo-

441 1285 607 1338 quere
631 1268 652 1321 ’ἶ

281 1372 370 1427 01..
420 1371 567 1436 Quid
612 1369 808 1424 faciam
831 1370 851 1423 2
931 1368 1064 1438 Syre
1105 1368 1203 1437 mi,
1253 1368 1465 1437 gaudeo
1492 1387 1506 1423 z
1560 1370 1645 1421 fer
1686 1386 1791 1423 me.
1879 1367 1971 1423 ΒΥ.
2029 1368 2177 1423 Fero

437 1476 617 1530 hercle
641 1492 788 1528 uero.

281 1582 371 1635 012.
421 1580 662 1633 Deorum
687 1578 863 1632 uitam
895 1576 1013 1648 a'pti
1037 1596 1241 1631 sumus,
1331 1578 1422 1632 St.
1471 1578 1701 1632 Frustra
1727 1595 1949 1647 operam
1975 1580 2173 1648 opinor

437 1688 606 1737 sumo,
2132 1680 2170 1711 ¹⁵
2205 1725 2213 1732 .

281 1786 370 1841 On.
419 1786 703 1855 Loquere:
739 1785 918 1840 audio,
1010 1785 1100 1839 SY.
1136 1784 1345 1838 Atiam
1362 1784 1467 1838 hoc
1486 1802 1601 1838 non
1619 1784 1748 1853 agis.
1838 1784 1930 1841 GL.
1968 1787 2160 1855 Agam.

440 1891 531 1946 ΞΥ.
580 1890 969 1960 Videndumst‚
1003 1891 1248 1959 inquam,

203 1996 380 2049 Amici
407 2013 627 2065 quoque
653 2001 758 2063 res,
791 1994 985 2063 Clinia,
1015 1994 1103 2047 tui
1127 1994 1188 2046 in
1214 1998 1340 2047 tuto
1364 1998 1431 2047 ut
1458 1995 1784 2049 conlocetur.

201 2101 350 2154 Nam
377 2101 424 2153 si
447 2117 597 2153 nunc
623 2116 656 2152 a
680 2099 839 2152 nobis
863 2097 982 2151 abis
1007 2102 1065 2152 et
1091 2097 1422 2151 Bacchidem
1447 2097 1536 2151 hic
1561 2098 1844 2167 relinquiS,

201 2206 406 2259 Noster
431 2204 681 2258 resciscet
709 2203 832 2256 ilico
859 2220 974 2255 esse
1001 2202 1231 2256 amicam
1256 2203 1398 2256 hanc
1426 2202 1749 2271 Clitiphonis
1775 2222 1788 2257 z

202 2310 262 2363 Si
286 2308 597 2376 abduxeri8‚
629 2308 911 2374 celabitur,
942 2306 1137 2361 itidem
1162 2310 1229 2360 ut
1255 2307 1431 2361 celata
1456 2308 1636 2361 adhuc
1662 2311 1760 2361 est.
2127 2305 2166 2336 ²⁰

282 2412 372 2467 CI..
441 2413 517 2465 At
584 2411 734 2465 enim
799 2411 939 2464 istoc
1003 2412 1085 2464 nil
1151 2416 1236 2465 est
1300 2411 1491 2480 magiS,
1552 2410 1705 2480 Syre,
1762 2410 1901 2464 meis
1958 2412 2167 2481 nuptiis

439 2515 747 2569 aduorsum.

203 2620 350 2673 Nam
377 2636 488 2689 quo
515 2636 608 2673 ore
635 2618 918 2688 appellabo
943 2623 1154 2688 patrem
1179 2620 1199 2673 ’ἱ
1236 2622 1391 2672 tenes
1417 2618 1553 2687 quid
1579 2619 1757 2673 dicam
1781 2620 1801 2673 2
1880 2620 1973 2675 Sir.
2023 2619 2165 2685 Quid

437 2724 498 2777 ni
520 2722 541 2776 2

282 2829 371 2883 01..
422 2829 568 2895 Quid
611 2829 790 2883 dicam
814 2829 834 2882 ’ἐ
876 2846 1042 2898 quam
1083 2846 1302 2883 causam
1341 2827 1627 2882 adferam?
1705 2828 1796 2883 SY.
1847 2828 1994 2893 Quin
2040 2830 2167 2883 nolo

436 2933 738 2988 mentiare:

202 3036 404 3105 Aperte
451 3037 532 3090 ita
580 3041 646 3090 ut
693 3054 780 3091 res
828 3022 942 3091 sese
988 3036 1154 3089 habet
1202 3039 1436 3090 narrato,
1525 3035 1616 3090 GL.
1666 3035 1814 3100 Quid
1866 3038 1989 3101 ais?
2068 3036 2160 3092 SY.

438 3141 648 3196 Iubeo:

207 3246 364 3299 [llam
391 3250 447 3299 te
475 3263 657 3300 amare
685 3249 744 3299 et
769 3247 912 3299 uelle
939 3262 1185 3313 uxorem,
1215 3246 1357 3299 hanc
1382 3262 1496 3298 esse
1524 3244 1866 3314 Clitiphonis.
2128 3243 2166 3274 ²⁵

281 3349 370 3403 01..
421 3350 636 3404 Bonam
704 3354 869 3420 atque
937 3351 1140 3403 iustam
1203 3367 1319 3403 rem
1385 3350 1585 3419 oppido
1636 3350 1853 3418 inperas
1905 3356 1966 3404 et
2016 3353 2165 3405 factu

435 3455 650 3508 facilem
675 3475 688 3521 ;

202 3557 275 3609 Et
303 3558 508 3611 scilicet
535 3560 642 3611 iam
669 3577 758 3612 me
785 3559 888 3613 hoc
915 3560 1065 3612 uoles
1091 3558 1303 3627 patrem
1332 3575 1552 3610 exorare
1578 3562 1645 3611 ut
1671 3558 1810 3612 celet
