2342 3992
293 139 320 196 1
336 139 412 197 18
891 151 1471 197 nmvroNrmonvM
1479 154 1553 196 EN
1560 154 1648 197 os.

290 305 416 358 Hoc
442 304 704 358 beneficio
733 304 952 375 utrique
979 307 1048 358 ab
1073 306 1323 376 utrisque
1348 323 1481 359 uero
1508 306 1877 374 deuincimini,

296 408 378 462 Vt
404 425 709 478 numquam
733 408 850 462 ulla
874 409 1048 462 amori
1070 413 1262 463 nostro
1287 409 1525 463 incidere
1551 411 1724 478 possit
1749 410 2043 464 calamitas.
2230 408 2271 441 ¹⁵

368 513 480 567 ΑΝ.
527 511 730 565 Nescio
755 512 889 565 alias
913 531 927 567 ε
966 530 1056 566 me
1082 514 1309 582 quidem
1334 531 1547 582 semper
1571 515 1681 567 ecio
1708 514 1897 568 fecisse
1923 516 2137 584 eedu10,

293 616 376 670 Vt
403 634 475 669 ex
497 617 647 670 illius
673 617 957 671 commodo
980 635 1164 671 meum
1192 635 1559 687 compararem
1585 619 1946 673 commodum.
2016 620 2109 674 CI..
2147 622 2259 688 Ah,

291 721 454 790 Ergo,
477 739 600 774 mea
618 695 924 790 Antiphila,
948 726 1015 775 tu
1040 739 1189 775 nunc
1210 721 1325 775 sola
1348 721 1607 775 reducem
1632 739 1721 774 me
1744 721 1806 774 in
1822 723 2062 791 patriam
2086 725 2225 777 facis
2251 746 2267 781 ε

294 823 352 878 N
354 843 445 878 am
472 826 606 879 dum
642 825 740 879 abs
778 828 836 878 te
875 825 1086 895 absum,
1117 842 1307 878 omnes
1345 825 1484 878 mihi
1520 824 1733 878 labores
1770 825 1923 878 fuere
1960 841 2102 894 quos
2143 829 2268 894 cepi

528 931 697 997 lmese,
1638 987 1653 995 .

293 1037 671 1104 Praeterquam
696 1035 784 1088 tui
809 1034 1104 1088 carendum
1130 1034 1283 1103 quod
1308 1038 1440 1102 erat.
1529 1034 1627 1091 ΒΥ.
1673 1035 1867 1091 Credo.
1955 1035 2048 1090 01..
2096 1036 2255 1105 Syre,

525 1139 626 1192 uix
652 1141 851 1193 suffero
875 1157 888 1194 ε
1352 1143 1359 1150 ’
2216 1140 2262 1171 ²⁰

291 1243 474 1296 Hocin
500 1261 588 1296 me
614 1244 876 1297 miserum
900 1260 1013 1296 non
1038 1243 1199 1297 licere
1224 1261 1348 1297 meo
1375 1245 1539 1298 modo
1563 1245 1849 1314 ingenium
1874 1247 1987 1299 frui
2010 1249 2023 1302 l

370 1348 462 1402 SY.
511 1348 691 1402 Immo
730 1352 797 1401 ut
835 1351 1047 1417 patrem
1092 1352 1250 1402 tuom
1296 1349 1417 1403 uidi
1461 1367 1577 1403 esse
1623 1351 1895 1419 habitum,
1941 1351 2039 1405 diu
2085 1353 2257 1406 etiam

525 1453 705 1505 turbas
725 1451 894 1506 dabit.

369 1557 472 1610 BA.
523 1555 786 1621 Quisnam
811 1557 901 1610 hic
926 1557 1245 1611 adulescens
1270 1561 1371 1626 eet,
1396 1556 1496 1626 qui
1511 1555 1754 1610 intuitur
1772 1557 1915 1610 nos?
1993 1557 2103 1612 An.
2140 1558 2249 1626 Ah,

449 1709 456 1714 ,
528 1662 703 1714 retine
731 1647 836 1730 me,
869 1662 1102 1716 obsecre.

373 1765 475 1819 BA„
524 1765 738 1819 Amabo
772 1765 908 1834 quid
947 1765 1145 1819 tibist?
1223 1765 1333 1819 ΑΝ.
1380 1764 1631 1833 Disperii,
1664 1765 1803 1834 perii
1840 1765 2052 1819 misera.
2144 1767 2246 1820 BA.

527 1869 675 1934 Quid
700 1873 888 1939 stupes
911 1869 932 1923 Ἰ

369 1973 460 2028 01..
509 1974 808 2043 Antiphila.
897 1975 1004 2029 AN.
1055 1973 1277 2027 Videon
1304 1972 1537 2026 Cliniam
1576 1990 1649 2026 an
1688 1971 1843 2026 non?
1921 1971 2027 2027 BA.
2077 1970 2254 2036 Quem

523 2078 680 2131 uides
703 2077 724 2131 Ἰ
2213 2076 2253 2107 ²⁵

369 2180 458 2234 Cn.
510 2180 691 2247 Salue,
735 2180 915 2234 anime
960 2179 1052 2234 mi.
1140 2181 1252 2236 AN.
1301 2181 1350 2235 Ο
1390 2181 1469 2235 mi
1516 2180 1711 2248 Clinia,
1754 2179 1919 2234 salue.
2030 2178 2125 2238 CL
2173 2181 2253 2234 Vt

525 2285 678 2337 uales
701 2284 722 2337 ‘I

365 2389 474 2442 An.
523 2389 747 2443 Saluom
771 2389 984 2442 uenisse
1009 2389 1235 2458 gaudeo,
1325 2389 1415 2444 Cr.
1463 2389 1713 2443 Teneone
1734 2392 1811 2456 te,

303 2492 604 2561 Antiphila,
634 2509 890 2546 maxume
915 2493 1101 2547 animo
1127 2498 1445 2563 exoptatam
1468 2493 1633 2547 meo'l

365 2595 456 2651 Sir.
504 2597 593 2650 Ite
618 2597 768 2651 intro
792 2615 805 2653 :
844 2615 975 2651 nam
1002 2615 1103 2652 uos
1124 2599 1450 2653 iamdudum
1475 2603 1730 2668 expectat
1758 2615 1941 2654 senex.

1971 2725 2030 2782 X!
