2342 3992
1384 11 1394 46 ³
1900 23 1925 56 ι

169 141 288 198 108
770 152 1536 198 ΗΕΛνΤοΝΉΜοηνΜΕΝοε.

167 308 331 376 Apud
370 324 469 360 nos
509 311 606 360 est.
735 307 838 361 OE.
888 307 1035 372 Quid
1073 307 1199 362 ais?
1318 308 1409 362 On.
1457 309 1888 376 Aduenientem,
1936 327 1969 362 6
2008 309 2145 364 naui

402 411 770 480 egredientem
795 411 922 465 ilico
1251 398 1267 403 ‘

159 496 391 570 ‘Abduxi
415 517 488 570 ad
514 534 703 570 cenam
730 535 742 570 :
769 535 900 570 nam
925 517 1062 570 mihi
1086 535 1285 586 magna
1310 535 1436 571 cum
1462 535 1529 571 eo
1553 518 1665 572 iam
1690 518 1820 571 inde
1848 536 1881 571 a
1902 517 2145 586 pueritia

167 621 299 676 Fuit
326 639 536 689 semper
559 621 912 676 familiaritas.
1002 621 1104 676 ΟΠ.
1141 621 1504 690 Voluptatem
1529 597 1783 692 magnam
1810 623 2050 676 nuntiae.
2100 619 2141 651 ¹⁰

167 725 345 790 Quam
403 725 604 778 uellem
658 726 1049 779 Menedemum
1109 725 1432 794 inuitatum,
1495 730 1562 779 ut
1620 725 1907 778 nobiscum
1972 730 2139 791 esset,

403 829 652 898 amplius,

167 934 250 987 Vt
274 933 416 986 hanc
440 933 708 987 laetitiam
733 951 834 986 nec
861 933 1112 1002 opinanti
1136 933 1346 1002 primus
1372 931 1426 986 ei
1451 931 1718 986 obicerem
1744 930 1928 987 domi!

166 1039 353 1108 Atque
380 1039 546 1092 etiam
570 1055 720 1118 nunc
744 1042 962 1107 tempus
989 1042 1086 1093 est.
1178 1038 1269 1092 Cn.
1292 1022 1465 1092 *Cane
1490 1037 1633 1090 faxis
1661 1057 1673 1093 :
1710 1055 1827 1090 non
1853 1055 1991 1106 opus
2034 1041 2138 1102 est,

406 1147 574 1212 pater.

247 1247 347 1302 CH.
397 1246 782 1316 Quapropter?
861 1248 952 1301 Cn.
1000 1246 1142 1311 Quia
1168 1245 1315 1300 enim
1340 1245 1665 1298 incertumst
1692 1245 1877 1313 etiam,
1910 1245 2047 1313 quid
2084 1261 2145 1297 se

402 1351 583 1405 faciat.
617 1351 782 1404 modo
807 1351 978 1404 uenit.

166 1455 344 1508 Timet
394 1454 596 1522 omnia,
649 1454 821 1523 patris
859 1454 1014 1522 iram,
1059 1457 1118 1508 et
1156 1455 1403 1508 animum
1456 1454 1643 1508 amicae
1672 1427 1754 1507 'se
1793 1471 1922 1522 erga
1960 1457 2029 1507 ut
2070 1454 2146 1506 sit

403 1576 532 1614 suae.
623 1565 643 1581 ⁸
2102 1555 2145 1587 ¹⁵

167 1664 307 1718 Eam
331 1663 526 1716 misere
552 1667 702 1717 amat
729 1683 742 1718 ε
783 1667 1005 1733 propter
1029 1681 1149 1718 eam
1178 1665 1295 1718 haec
1321 1665 1484 1718 turba
1510 1668 1678 1733 atque
1716 1664 1887 1716 abitio
1927 1663 2134 1718 euenit.

404 1769 506 1823 CH.
555 1767 691 1823 Scio·

247 1873 340 1928 01..
388 1874 556 1927 Nunc
595 1873 872 1927 seruolum
897 1873 969 1926 ad
995 1890 1117 1926 eam
1141 1873 1203 1925 in
1229 1873 1425 1925 urbem
1462 1871 1633 1939 misit,
1678 1875 1735 1924 et
1762 1887 1861 1940 ego
1887 1874 2144 1924 nostrum

405 1995 518 2031 una
545 1977 760 2046 Syrum.

246 2081 348 2135 cn.
398 2080 546 2145 Quid
585 2081 816 2135 narrat?
905 2081 996 2135 Cn.
1046 2079 1197 2144 Quid
1234 2079 1372 2133 ille?
1410 2081 1670 2132 miserum
1709 2096 1767 2132 se
1808 2096 1938 2134 esse.
2029 2079 2133 2132 011.

404 2185 670 2238 Miserum
694 2184 716 2237 2
753 2201 918 2254 quem
942 2185 1127 2236 minus
1152 2184 1398 2237 crederes
1422 2183 1442 2237 ’ἱ

167 2288 314 2353 Quid
353 2288 596 2341 relicuist
637 2287 773 2357 quin
812 2287 1026 2354 habeat,
1073 2304 1201 2354 quae
1242 2287 1467 2355 quidem
1505 2287 1566 2340 in
1614 2286 1835 2340 homine
1876 2286 2142 2340 dicuntur

402 2393 545 2446 bona
563 2391 584 2445 ‘3

167 2496 435 2565 Parentis,
463 2497 698 2566 patriam
723 2495 1069 2562 incolumem,
1101 2495 1320 2563 amicos,
1341 2513 1531 2564 genus,
1554 2499 1829 2564 cognatm,
1853 2496 2021 2550 ditias
2044 2515 2057 2552 :
2100 2493 2143 2526 ²⁰

166 2602 351 2670 Atque
377 2600 495 2654 haec
519 2600 745 2669 perinde
772 2605 904 2654 sunt
927 2604 994 2654 ut
1019 2599 1195 2653 illiust
1222 2599 1436 2652 animus
1462 2599 1561 2668 qui
1586 2617 1651 2652 ea
1676 2599 1917 2667 possidet
1942 2618 1956 2653 :

167 2703 278 2768 Qui
303 2705 390 2757 uti
414 2704 534 2773 scit,
569 2704 620 2758 ei
645 2705 821 2771 bona3
857 2704 954 2773 illi,
990 2704 1086 2774 qui
1111 2721 1227 2757 non
1252 2702 1435 2757 utitur
1458 2687 1620 2771 recte,
1653 2703 1810 2758 mala.

248 2807 340 2862 On.
390 2807 570 2861 Immo
607 2808 702 2861 ille
740 2807 850 2861 fuit
889 2825 1056 2861 senex
1095 2807 1427 2876 inportunus
1468 2824 1680 2877 semper
1704 2827 1721 2872 ;
1770 2811 1827 2860 et
1866 2823 2016 2860 nunc
2059 2808 2143 2861 nil

405 2911 578 2982 magis

167 3015 374 3068 Vereor
399 3031 564 3083 quam
591 3014 794 3084 nequid
823 3014 884 3067 in
908 3015 1068 3068 illum
1093 3015 1265 3068 iratus
1291 3013 1415 3083 plus
1442 3014 1574 3067 satis
1599 3013 1763 3077 faxit,
1795 3018 1964 3082 pater.

247 3120 348 3174 GH.
398 3117 572 3174 Illene
597 3119 617 3173 2
655 3118 752 3172 sed
777 3119 1068 3188 reprimam
1093 3135 1182 3171 me
1208 3138 1220 3173 :
1248 3133 1374 3171 nam
1402 3117 1462 3170 in
1487 3122 1641 3171 metu
1668 3135 1783 3183 esse
1810 3118 1958 3171 hunc
1996 3117 2140 3172 illist

403 3223 554 3278 utile.
2102 3220 2145 3250 ’ὃ

247 3327 337 3380 01..
385 3325 533 3390 Quid
571 3328 694 3379 tute
750 3324 974 3378 tecum?
1073 3324 1174 3378 011.
1238 3323 1445 3379 Dicam.
1494 3327 1561 3378 ut
1598 3327 1666 3378 ut
1705 3327 1840 3391 erat,
1884 3341 2145 3378 mansum

402 3435 589 3484 tamen
617 3429 874 3500 oportuit.

171 3534 416 3618 Fortasse
443 3536 789 3605 aliquantum
813 3534 1054 3604 iniquior
1079 3536 1197 3590 erat
1221 3537 1420 3601 praeter
1446 3533 1575 3606 eius
1588 3533 1895 3626 lubidinem
1921 3551 1935 3589 ς
