2342 3992
918 161 1177 204 Annam.
1944 142 2022 202 2⁷

71 307 194 361 Non
217 308 423 376 inpulit
450 325 556 375 me,
587 307 706 360 haec
731 303 879 361 nunc
906 309 1128 361 omnino
1154 312 1223 361 ut
1249 307 1535 361 crederem.

69 413 247 481 Atque
272 413 424 466 haud
449 411 560 465 scio
587 429 660 465 an
687 428 811 480 quae
838 413 982 465 dixit
1008 413 1119 465 sint
1145 430 1278 466 uera
1303 413 1501 479 omnia,

71 517 172 570 Sed
197 517 357 586 parui
382 518 564 586 pendo
593 536 606 572 :
645 516 786 570 illud
813 510 949 570 mihi
976 517 1156 570 multo
1183 519 1579 584 maxumumst‚

71 621 223 684 Quod
249 599 388 674 mihi
416 621 720 690 pollicitust
747 620 898 690 ipsus
923 624 1137 689 gnatus.
1225 620 1285 673 N
1284 637 1393 673 unc
1420 620 1699 673 Chremem

69 725 404 780 Conueniam
428 745 442 780 ε
482 727 649 780 orabo
674 729 842 794 gnato
868 741 1095 778 uxorem
1125 744 1136 779 :
1177 725 1237 778 id
1263 724 1311 778 si
1336 724 1572 793 inpetro,

69 829 211 892 Quid
232 831 368 902 alias
393 830 584 883 malim
611 847 778 899 quam
802 829 967 882 hodie
993 829 1093 882 has
1118 827 1239 881 fieri
1263 827 1525 897 nuptias?

66 933 212 987 Nam
238 937 442 1002 gnatus
469 934 618 1004 quod
643 933 962 1002 pollicitust,
993 932 1143 986 haud
1169 932 1454 986 dubiumst
1479 929 1633 998 mihi,
1984 930 2029 963 ⁴⁰

67 1037 123 1090 Si
146 1039 308 1107 nolit,
342 1039 479 1107 quin
504 1056 632 1092 eum
659 1039 855 1092 merito
880 1038 1082 1107 possim
1107 1056 1311 1106 cogere.

64 1144 250 1212 Atque
278 1143 416 1197 adeo
441 1143 502 1196 in
527 1144 646 1213 ipso
679 1147 923 1212 tempore
948 1160 1136 1196 eccum
1159 1143 1341 1211 ipsum
1367 1142 1623 1198 obuiam·

701 1591 858 1644 AOT.
908 1590 1271 1674 ΙΙΙ-80511.
1322 1595 1372 1648 3.

794 1751 942 1790 snm.
1031 1752 1309 1791 CHREMES.

139 1870 220 1924 S1.
271 1867 449 1922 Iubeo
496 1867 855 1920 Chremetem.
944 1864 1045 1918 CH.
1095 1864 1142 1917 Ο
1196 1870 1252 1918 te
1295 1865 1475 1934 ipsum
1528 1870 1852 1936 quaerebam.
1942 1873 2017 1931 81.

307 1973 385 2025 Et
412 1989 512 2040 ego
538 1975 610 2024 te.
700 1968 802 2022 CH.
852 1967 1056 2038 Optato
1083 1968 1323 2024 aduenis.
1636 1960 1641 1966 ⁸

57 2080 304 2149 Aliquot
326 2095 415 2131 me
441 2077 714 2144 adierunt,
746 2093 817 2129 ex
843 2079 902 2129 te
933 2075 1188 2129 auditum
1215 2075 1313 2144 qui
1338 2076 1545 2144 aibant,
1575 2077 1740 2133 hodie
1766 2080 1970 2137 nubere

56 2186 254 2239 Meam
278 2185 452 2238 filiam
475 2187 578 2236 tuo
603 2185 771 2250 gnato
795 2199 808 2235 ε
847 2181 907 2234 id
932 2181 1053 2233 uiso
1079 2184 1186 2234 tun
1213 2199 1285 2234 an
1309 2181 1393 2234 illi
1417 2182 1704 2259 insaniant.

139 2289 222 2343 Si.
283 2288 554 2341 Ausculta
603 2285 790 2354 paucis
818 2305 831 2340 z
888 2288 946 2338 et
999 2285 1134 2354 quid
1181 2289 1238 2338 te
1292 2303 1391 2353 ego
1437 2287 1605 2340 uelim
1652 2293 1709 2342 et
1761 2293 1829 2344 tu
1876 2293 2022 2360 quod

306 2391 507 2461 quaeris
532 2391 680 2444 scies.

137 2497 247 2549 On.
296 2494 604 2548 Ausculto:
644 2492 1030 2561 loquerequid
1055 2491 1209 2548 uelis.

134 2601 220 2655 SI.
271 2601 384 2653 Per
406 2602 466 2652 te
492 2598 622 2651 deos
649 2615 743 2650 oro
770 2600 827 2650 et
851 2601 1094 2650 nostram
1120 2597 1434 2665 amicitiam,
1470 2599 1715 2668 Chxeme,

53 2708 198 2772 Quae
228 2705 454 2773 incepta
478 2721 512 2756 a
536 2703 720 2772 paruis
748 2720 873 2756 cum
899 2706 1065 2756 aetate
1092 2703 1339 2757 adcreuit
1364 2704 1546 2773 simul,

49 2811 280 2881 Perque
305 2809 528 2862 unicam
552 2811 708 2861 tuam
734 2811 956 2875 gnatam
982 2810 1040 2860 et
1065 2811 1297 2875 gnatum
1322 2825 1525 2876 meum,

49 2917 276 2982 Quoius
301 2913 410 2966 tibi
435 2915 678 2981 potestas
704 2928 918 2964 summa
944 2911 1201 2964 seruandi
1226 2911 1408 2980 datur,

43 3017 130 3072 Vt
158 3034 260 3071 me
286 3014 604 3069 adiuues·in
629 3014 732 3067 hac
758 3032 837 3081 re,
869 3018 1037 3083 atque
1062 3015 1142 3068 ita
1168 3015 1257 3067 uti
1281 3015 1492 3083 nuptiae
1894 3065 1897 3068 ,
1987 3019 2025 3050 ¹⁰

39 3123 307 3176 Fuerant
334 3119 557 3185 futurae,
590 3119 742 3171 fiant.
831 3097 934 3171 CH:
979 3118 1088 3185 Ah,
1121 3135 1203 3180 ne„
1217 3137 1304 3172 me
1332 3119 1550 3173 obsecra
1573 3138 1586 3176 :

40 3225 231 3292 Quasi
255 3223 364 3277 hoc
387 3225 448 3275 te
474 3221 680 3275 orando
706 3239 740 3276 a
765 3239 855 3274 me
877 3221 1151 3290 inpetrare
1180 3225 1441 3291 oporteat.
1538 3259 1545 3264 -

39 3333 251 3386 Alium
278 3345 396 3382 esse
425 3345 608 3380 censes
634 3344 783 3380 nune
808 3343 897 3379 me
924 3331 1090 3395 atque
1117 3325 1250 3379 olim
1277 3343 1445 3394 quom
1471 3327 1712 3383 dabam?

62 3439 97 3491 Li
125 3437 198 3489 in
228 3436 403 3487 remst
429 3431 651 3501 utrique
676 3433 743 3484 ut
769 3431 922 3498 fiant,
957 3431 1153 3483 arcessi
1179 3431 1321 3485 iube.

39 3541 148 3594 Sed
182 3537 240 3591 si
266 3554 338 3590 ex
365 3553 431 3589 ea
456 3553 515 3588 re
541 3536 665 3604 plus
691 3533 876 3588 malist
903 3552 1070 3603 quam
1097 3535 1367 3596 commodi
1948 3591 1953 3597 ῃ
1983 3537 2021 3568 ⁸⁸

1741 3647 1773 3685 ο
1801 3633 1835 3684 2
