2342 3992
700 103 1276 184 nnAvroN'rmoavm
1286 125 1455 186 sNos'.
1945 131 1969 186 1
1988 131 2061 186 17

85 288 322 341 Inuersa
349 289 534 356 uerba,
567 306 780 342 euersas
808 291 1032 344 ceruicis
1058 295 1204 360 tuae,

87 393 368 461 Gemitm,
400 396 659 462 screatm,
688 395 872 462 tussis,
902 395 1045 448 risus
1070 397 1299 451 abstine.

169 497 324 551 Cn‘r.
373 497 660 551 Laudabis.
749 499 840 554 ΒΥ.
889 499 1038 553 Vide
1065 500 1152 554 sis.
1244 501 1391 556 Gur.
1440 501 1686 556 Tutimet
1712 502 1993 555 mirabere.

171 603 267 656 SY.
318 601 425 656 Sed
453 619 619 670 quam
645 602 756 656 cito
781 606 911 656 sunt
938 608 1244 657 consecutae
1270 606 1526 660 mulieres
1555 609 1566 660 !

171 707 323 760 Cur.
372 706 488 759 Vbi
531 707 706 760 sunt?
765 724 904 776 quor
949 709 1197 763 retines?
1277 710 1368 764 SY.
1387 781 1399 786 -
1426 710 1548 765 Iam
1588 729 1737 765 nunc
1781 712 1901 764 haec
1947 727 2059 763 non

333 813 419 863 est
442 815 554 863 tua.
2001 810 2060 842 ¹³⁵

172 915 322 969 Cur.
374 915 514 982 Scin,
537 914 688 983 apud
707 919 956 984 patrem:
998 921 1058 970 at
1077 935 1227 972 nunc
1246 919 1481 974 interim.
1571 920 1662 975 ΒΥ.
1711 917 1847 994 Nilo
1867 921 2051 988 magis.

172 1019 325 1073 Cur.
374 1019 516 1074 Sine.
612 1018 703 1072 SY.
752 1019 886 1073 Non
927 1021 1102 1074 sinam
1143 1021 1384 1092 inquam.
1483 1022 1632 1078 Um.
1683 1024 1882 1089 Quaeso
1922 1042 2057 1093 pau-

333 1124 509 1192 lisper.
599 1122 693 1178 SY.
739 1123 902 1178 Veto,
1962 1169 1965 1174 .

173 1229 324 1281 Gur.
375 1226 582 1280 Saltem
609 1227 856 1281 salutem.
948 1227 1040 1283 Sy,
1089 1230 1273 1283 Abeas
1298 1230 1345 1283 si
1370 1233 1559 1300 sapias,
1649 1234 1798 1288 Gur.
1847 1233 1967 1287 Eo:

101 1335 246 1400 Quid
293 1332 462 1387 istic?
559 1331 651 1386 SY.
701 1333 966 1388 Manebit.
1077 1333 1225 1389 Cur.
1275 1334 1574 1390 Hominem
1618 1337 1845 1392 felicem.
1955 1337 2047 1391 ΒΥ.

334 1439 587 1496 Ambula.

756 1790 912 1844 AOT.
959 1789 1288 1845 II.—ScEN.
1339 1793 1393 1848 4.

456 1950 707 1991 BAccHIS.
794 1952 1124 1992 ANTIPHILA.
1216 1952 1305 1990 cm
1310 1953 1427 1991 NIA.
1519 1953 1706 1993 SYRVS.

176 2070 279 2123 BA.
329 2068 543 2137 Edepol
567 2071 643 2136 te,
672 2084 796 2121 mea
820 2066 1129 2135 Antiphila,
1156 2067 1329 2121 laudo
1357 2072 1413 2122 et
1438 2069 1778 2122 fortunatam
1804 2070 2005 2137 iudico,

94 2175 164 2228 Id
192 2190 360 2243 quom
386 2170 666 2238 studuisti,
696 2172 890 2224 formae
915 2175 982 2224 ut
1006 2188 1187 2224 mores
1213 2172 1515 2225 consimiles
1540 2174 1723 2227 forent
1747 2191 1760 2228 ε

95 2278 475 2345 Minumeque,
505 2275 585 2328 ita.
610 2293 699 2327 me
725 2275 787 2328 di
810 2279 1016 2342 ament,
1046 2276 1217 2329 miror
1240 2276 1289 2328 si
1314 2280 1371 2330 te
1399 2276 1503 2329 sibi
1529 2277 1761 2346 quisque
1787 2279 2008 2346 expetit.

93 2383 152 2435 N
155 2399 244 2434 am
269 2380 426 2448 mihi,
458 2380 620 2449 quale
648 2378 933 2448 ingenium
958 2379 1204 2448 haberes,
1236 2381 1347 2433 fuit
1374 2381 1578 2435 indicio
1606 2383 1779 2435 oratio
1804 2401 1817 2436 z

91 2486 169 2538 Et
189 2502 359 2554 quom
378 2487 592 2552 egomet
610 2501 760 2536 nunc
778 2500 996 2536 mecum
1014 2483 1074 2536 in
1095 2483 1279 2537 animo
1298 2483 1473 2538 uitam
1492 2488 1649 2538 tuam
1668 2485 1951 2540 considero
1973 2505 1988 2541 τ
2035 2485 2056 2516 ⁶

89 2589 462 2656 Omniumque
489 2587 626 2640 adeo
653 2589 980 2654 nostrarum,
1014 2587 1212 2656 uolgus
1238 2605 1363 2656 quae
1389 2588 1459 2641 ab
1486 2604 1544 2640 se
1572 2594 1872 2657 segregant,

88 2694 168 2746 Et
192 2709 295 2746 uos
321 2709 436 2745 esse
461 2690 772 2770 istiusmodi
799 2694 855 2744 et
881 2707 982 2744 nos
1009 2708 1122 2744 non
1150 2708 1266 2744 esse
1292 2691 1443 2745 haud
1469 2693 1771 2746 mirabilest
1796 2713 1808 2747 :

90 2797 149 2849 N
151 2813 240 2849 am
282 2794 506 2863 expedit
544 2794 714 2847 bonas
754 2810 870 2846 esse
887 2753 1106 2859 «ohim
1144 2811 1247 2847 nos
1301 2795 1629 2863 quibuscum
1669 2801 1754 2849 est
1792 2814 1896 2862 ree,
1940 2814 2052 2850 non

327 2897 516 2951 sinunt
541 2917 553 2951 :

89 3004 304 3071 Quippe
330 3003 506 3055 forma
530 3001 736 3070 inpulsi
759 3005 948 3055 nostra
974 3019 1076 3055 nos
1102 2985 1372 3056 amatores
1399 3003 1589 3057 colunt
1614 3023 1626 3058 :

41 3093 50 3102 ’
87 3109 228 3161 Haec
254 3106 351 3160 ubi
376 3105 724 3174 inminuta-st,
753 3105 838 3158 illi
864 3123 1021 3159 suom
1047 3106 1295 3160 animum
1321 3106 1428 3161 alio
1457 3108 1744 3161 conferunt
1768 3128 1783 3173 ;
2012 3106 2051 3140 ¹⁰

86 3210 215 3263 Nisi
241 3209 287 3262 si
312 3213 659 3278 prospectum
685 3209 895 3263 interea
920 3209 1130 3279 aliquid
1158 3214 1260 3278 est,
1292 3211 1523 3265 desertae
1548 3211 1804 3265 uiuimus.

85 3313 260 3368 Vobis
286 3330 411 3367 cum
437 3330 550 3366 uno
578 3314 744 3366 semel
770 3314 868 3367 ubi
894 3319 1114 3367 &etatem
1141 3332 1299 3383 agere
1327 3315 1660 3368 decretumst
1688 3315 1825 3383 uir0,

86 3416 293 3483 Quoius
351 3435 470 3471 mos
528 3421 836 3472 maxumest
897 3419 1193 3472 consimilis
1252 3424 1545 3474 uestrum:
1608 3420 1667 3473 hi
1714 3438 1771 3474 se
1818 3422 1889 3475 ad
1936 3440 2034 3476 uos

321 3521 610 3590 adplicant.
