2342 3992
423 805 916 904 ANDRIA
1031 811 1132 906 P.
1262 813 1853 920 TERENTI.

700 1081 1613 1124 πελ-ῥεῖ

753 1322 1048 1386 ACTVS
1099 1321 1445 1388 1.--ScEN.
1492 1325 1547 1390 I.

945 1483 1092 1522 snm.
1183 1484 1355 1524 SOSIA.

247 1593 328 1650 SI.
375 1594 493 1648 Vos
517 1594 672 1650 istaec
694 1596 846 1650 intro
870 1598 1082 1650 auferte
1105 1616 1119 1652 ε
1159 1598 1322 1654 abite.
1410 1599 1579 1669 Sosia,

175 1700 455 1753 Adesdum
482 1719 494 1754 ς
535 1700 722 1769 paucis
747 1704 806 1754 te
832 1702 974 1756 uolo,
1063 1701 1151 1756 8ο.
1200 1701 1429 1756 Dictum
1458 1709 1597 1772 puta
1622 1723 1635 1760 :

172 1804 388 1873 Nempe
431 1809 498 1858 ut
545 1809 808 1858 curentur
841 1810 988 1859 recte
1029 1806 1161 1860 haeo.
1252 1806 1328 1861 St.
1379 1807 1558 1862 Immo
1598 1810 1764 1864 aliud.
1853 1809 1941 1865 So.
1992 1809 2137 1876 Quid

408 1912 510 1977 est,

172 2011 332 2076 Quod
357 2013 466 2065 tibi
489 2029 611 2066 mea
636 2031 723 2066 ars
749 2013 956 2067 efficere
981 2015 1086 2068 hoo
1112 2014 1283 2084 possit
1309 2015 1584 2083 amplius?

248 2117 326 2172 SI.
375 2117 477 2170 Nil
500 2118 640 2172 istac
663 2136 801 2188 opus
827 2123 913 2172 est
938 2124 1056 2173 arte
1081 2121 1153 2173 ad
1180 2121 1322 2174 hano
1346 2139 1481 2190 rem,
1514 2139 1680 2191 quam
1706 2141 1855 2193 paro,
2116 2124 2137 2153 ⁶

167 2223 280 2278 Sed
305 2224 401 2292 eis,
432 2241 568 2293 quas
594 2241 806 2292 semper
830 2225 892 2277 in
917 2228 974 2277 te
999 2223 1253 2277 intellexi
1279 2224 1428 2292 sitaS,

167 2327 307 2380 Fide
333 2330 391 2379 et
415 2328 809 2384 taciturnitate.
897 2327 987 2382 8ο.
1035 2327 1284 2396 Expecto
1312 2329 1448 2397 quid
1472 2331 1625 2384 uelis·

247 2430 326 2485 SI.
373 2431 491 2500 Ego
515 2435 808 2501 postquam
833 2435 890 2484 te
917 2433 1043 2499 emi,
1075 2449 1108 2485 a
1131 2433 1361 2500 paruolo
1387 2437 1453 2486 ut
1479 2451 1691 2503 semper
1714 2435 1820 2488 tibi

165 2534 338 2604 Apud
362 2551 452 2586 me
476 2535 625 2588 iusta
650 2525 707 2588 et
734 2537 970 2589 clemens
994 2537 1162 2588 fuerit
1190 2537 1442 2605 seruituS,

166 2639 299 2692 Seis,
384 2639 516 2692 Feci
539 2657 610 2692 ex
635 2656 793 2692 seruo
818 2644 884 2692 ut
911 2656 1054 2692 esses
1077 2638 1309 2692 libertus
1334 2640 1489 2708 mihi,
2097 2641 2137 2674 ¹⁰

165 2746 466 2814 Propterea
493 2744 643 2814 quod
669 2745 909 2797 seruibas
935 2743 1254 2798 liberaliter.

165 2853 328 2917 Quod
353 2852 523 2906 habui
549 2869 824 2905 summum
849 2851 1088 2921 pretium
1113 2851 1350 2920 persolui
1375 2850 1494 2906 tibi.

165 2967 174 2975 ·
249 2955 339 3009 8ο.
405 2956 478 3007 In
529 2955 790 3009 memoria
835 2955 1024 3009 habeo,
1140 2954 1224 3010 SI.
1267 2954 1439 3008 Haud
1490 2960 1649 3010 muto
1700 2957 1923 3009 factum.
2038 2955 2129 3010 8ο.

405 3060 652 3128 GaudeO,

164 3167 224 3219 si
250 3166 356 3219 tibi
380 3164 518 3234 quid
543 3165 650 3218 feei
675 3168 773 3218 aut
798 3165 939 3217 facio
965 3139 1114 3232 qued
1140 3165 1372 3232 placeat,
1405 3163 1574 3232 simo,

163 3269 240 3322 Et
268 3273 486 3337 gratum
510 3268 570 3321 id
595 3269 766 3320 fuisse
791 3269 1085 3321 aduersum
1110 3272 1168 3321 te
1196 3267 1371 3321 habeo
1396 3269 1643 3336 gratiam.
2095 3267 2131 3299 ¹⁸

165 3373 279 3427 Sed
303 3372 408 3426 hoo
434 3371 572 3425 mihi
596 3373 944 3425 molestumst
969 3392 981 3427 :
1022 3389 1152 3425 nam
1178 3372 1332 3425 istaec
1358 3373 1799 3426 commemoratio

166 3477 338 3540 Quasi
364 3477 768 3545 exprobratiost
793 3477 1107 3529 inmemor-is
1131 3475 1377 3529 benefici.

165 3581 316 3646 Quin
346 3587 408 3634 tu
435 3599 548 3636 uno
573 3582 744 3635 uerbo
770 3582 877 3649 dic,
909 3581 1046 3650 quid
1072 3584 1156 3634 est
1186 3580 1333 3650 quod
1360 3598 1449 3634 me
1475 3581 1627 3636 uelis.
