2342 3992
202 162 239 221 8
1056 175 1317 220 Annum.

201 327 335 382 Non
361 344 666 395 numquam
693 325 1144 380 conlacrumabat.
1234 325 1453 379 Placuit
1478 329 1602 380 tum
1627 324 1687 380 id
1712 327 1865 383 mihi.

207 431 294 485 Sic
314 430 619 500 cogitabam
650 432 667 460 ‘
682 430 774 483 hic
797 448 982 500 paruae
1009 426 1445 484 consuetudinis

205 535 382 588 Causa
406 534 572 588 huius
598 538 833 588 mortem
859 539 978 588 tam
1003 536 1114 588 fert
1139 535 1485 588 familiariter
1510 554 1524 590 ε
1779 593 1785 600 ,

205 639 354 704 Quid
381 641 430 693 si
453 641 570 708 ipse
596 644 830 693 amasset
853 640 874 693 ἵ
914 640 1049 709 quid
1076 641 1216 694 mihi
1241 641 1330 694 hic
1358 641 1523 695 faciet
1547 642 1694 710 patri
1712 642 1733 697 2
1749 641 1767 670 '
2132 637 2176 669 ⁸⁵

205 745 346 798 Haec
372 761 473 812 ego
499 745 766 813 putabam
792 762 907 798 esse
935 745 1119 798 omnia
1143 744 1375 799 humani
1399 745 1585 814 ingeni

207 848 600 917 Mansuetique
625 847 796 902 animi
821 848 1008 903 officia.
1097 847 1246 912 Quid
1272 849 1464 902 multis
1489 850 1713 905 moror?

207 952 440 1020 Egomet
467 947 687 1020 quoque
714 951 832 1005 eius
857 970 1020 1006 causa
1045 952 1106 1006 in
1131 953 1303 1006 funus
1329 954 1553 1022 prode0,

209 1056 311 1109 Nil
337 1056 506 1109 etiam
532 1056 812 1124 suspicans
837 1057 982 1112 mali.
1071 1056 1160 1111 Sc.
1210 1057 1360 1110 Hem
1387 1058 1523 1126 quid
1550 1062 1634 1111 est
1659 1057 1680 1111 2
1759 1057 1835 1112 SI.
1886 1056 2047 1112 Scies.

207 1161 475 1216 Refertur.
563 1161 731 1214 Imus.
819 1160 1040 1214 Interea
1063 1161 1212 1214 inter
1236 1163 1509 1230 mulieres,
1929 1225 1950 1247 ἱ
2140 1157 2189 1192 ⁹⁰

212 1263 349 1328 Quee
375 1265 455 1318 ibi
480 1264 729 1332 aderant,
760 1265 903 1318 forte
929 1281 1100 1317 unam
1125 1265 1328 1334 aspicio
1354 1265 1840 1334 adulescentulam,

209 1367 410 1421 Forma
490 1367 587 1423 So,
628 1368 786 1421 Bona
809 1368 1054 1423 fortasse.
1142 1368 1221 1423 SI.
1270 1369 1346 1421 Et
1372 1370 1551 1437 uoltu,
1584 1369 1765 1438 Sosia„

209 1450 368 1526 Afle'o
394 1473 662 1540 modeste,
693 1472 831 1526 adeo
859 1476 1113 1540 uenusto,
1143 1477 1211 1526 ut
1236 1473 1318 1525 nil
1344 1489 1539 1542 supra·

213 1574 351 1638 Quae
378 1593 547 1644 quom
571 1575 710 1629 mihi
733 1576 1022 1628 lamentari
1046 1580 1247 1645 praeter
1271 1580 1479 1630 ceteras

99 1749 112 1762 x
133 1671 145 1676 “
211 1680 418 1747 Visast‚
453 1683 510 1733 et
536 1679 666 1748 quia
693 1683 810 1733 erat
836 1679 1012 1733 forma
1037 1685 1238 1749 praeter
1263 1684 1469 1734 ceteras
2140 1675 2193 1712 ⁹⁶

215 1784 469 1836 Honesta
495 1800 558 1836 ac
583 1782 817 1850 liberali,
847 1783 1045 1836 accedo
1071 1783 1143 1837 ad
1168 1783 1512 1852 pedisequae,

215 1886 352 1952 Quae
379 1887 458 1940 sit
477 1903 625 1955 rog0.
715 1886 966 1940 Sororem
991 1903 1105 1940 esse
1131 1887 1291 1940 aiunt
1318 1885 1611 1955 Chrysidis.

213 1992 492 2045 Percussit
519 1991 646 2044 ilico
673 1990 934 2044 animum.
1021 1991 1188 2044 Attat
1212 1991 1318 2044 hoc
1342 1991 1483 2044 illud
1509 1994 1614 2059 est,

216 2095 367 2148 Hinc
391 2095 504 2147 illae
529 2094 808 2161 lacrumae,
837 2093 957 2145 haec
981 2091 1131 2146 illast
1157 2092 1540 2147 misericordia.

295 2199 385 2252 Sc.
434 2197 614 2262 Quam
639 2198 828 2265 timec,
861 2215 1125 2266 quorsum
1151 2197 1355 2250 euadas
1381 2199 1393 2250 Ξ
1478 2196 1554 2250 S1.
1603 2195 1797 2250 Funus
1822 2195 2045 2279 interim
2069 2245 2073 2251 ,
2127 2194 2196 2227 ¹⁰⁰

215 2301 490 2356 Procedit.
578 2301 873 2369 Sequimur
885 2320 908 2368 ‚z
949 2301 1020 2354 ad
1048 2301 1359 2370 sepulcrum
1384 2301 1637 2354 uenimus
1666 2320 1679 2355 :

213 2407 287 2459 ln
313 2406 497 2474 ignem
522 2405 817 2473 inpositast
839 2421 851 2456 :
898 2405 1076 2460 fletur.
1164 2405 1389 2457 Interea
1414 2405 1532 2458 haec
1560 2422 1729 2473 soror,

217 2509 397 2574 Quam
424 2510 560 2577 dixi,
593 2509 665 2562 ad
690 2491 968 2563 flammam
993 2509 1221 2564 accessit
1246 2508 1654 2578 inprudentius,

217 2615 362 2670 Satis
388 2633 514 2668 cum
541 2613 756 2683 periclo,
844 2613 934 2668 Ibi
959 2617 1083 2668 tum
1111 2613 1457 2667 exanimatus
1481 2613 1806 2682 Pamphilus

219 2720 370 2772 Bene
397 2719 805 2772 dissimulatum
831 2736 1072 2772 amorem
1099 2722 1156 2772 et
1183 2718 1422 2772 celatum
1447 2717 1657 2770 indicat
1682 2737 1695 2772 ε
2133 2717 2199 2752 ¹⁰⁶

217 2824 481 2878 Adcurrit
506 2843 518 2878 ε
560 2823 800 2876 mediam
825 2824 1111 2877 mulierem
1138 2823 1518 2892 complectitur
1541 2841 1554 2876 t

223 2931 239 2958 ‘
261 2929 394 2981 Mea
421 2927 738 2996 Glycerium
759 2926 775 2954 '
805 2927 988 2995 inquit
1018 2921 1036 2956 '⁶
1058 2927 1197 2995 quid
1222 2927 1337 2994 agis
1360 2925 1381 2978 ἵ
1420 2943 1560 2994 quor
1584 2929 1642 2979 te
1666 2926 1715 2979 is
1740 2926 2019 2996 perditum
2042 2927 2096 2980 ‘l'

217 3033 359 3086 Tum
385 3032 501 3099 illa,
531 3035 598 3084 ut
619 3034 944 3084 consuetum
970 3031 1130 3084 facile
1157 3047 1400 3082 amorem
1427 3047 1692 3098 cemeres‚

217 3137 433 3193 Reiecit
461 3155 518 3190 se
545 3137 604 3189 in
633 3153 760 3189 eum
787 3136 923 3188 fiens
951 3152 1118 3204 quam
1143 3134 1502 3188 familiariter.

299 3242 388 3296 so.
439 3241 586 3306 Quid
613 3241 733 3294 δίει
813 3221 889 3294 's1.
938 3239 1129 3293 Redeo
1154 3239 1286 3292 inde
1317 3239 1492 3291 iratus
1518 3242 1685 3308 atque
1708 3255 1851 3308 aegre
1877 3239 2094 3294 ferens:
2140 3236 2199 3269 ¹¹⁴¹

219 3347 342 3401 Nec
369 3346 501 3399 satis
527 3346 598 3399 ad
626 3345 1028 3414 obiurgandum
1055 3361 1246 3397 causae.
1334 3343 1573 3411 Diceret,

225 3455 242 3484 ‘
266 3452 414 3517 Quid
441 3450 588 3504 feci?
627 3450 763 3519 quid
791 3449 1088 3503 commerui
1115 3452 1217 3502 aut
1243 3449 1483 3548 peccauti,
1514 3447 1711 3516 pater?
1760 3421 1767 3432 ἱ

223 3556 359 3621 Quae
386 3573 503 3609 sese
528 3555 588 3607 in
616 3554 800 3622 ignem
825 3552 1025 3606 inicere
1052 3552 1254 3620 uoluit,
1284 3551 1541 3621 prohibui
1565 3570 1580 3607 ε
