2342 3992
1007 177 1269 220 mnan.
2038 163 2114 219 35

229 329 338 382 DA.
386 328 524 396 Age,
557 329 604 382 si
628 329 718 382 hic
764 346 877 381 non
905 330 1111 382 insanit
1137 328 1270 382 satis
1311 347 1408 382 sua·
1449 333 1660 396 sponte,
1691 325 1904 396 instiga.
1991 325 2110 380 MY.

390 433 579 502 Atque
606 433 799 502 edepol

144 535 234 588 Ea
286 554 373 588 res
428 540 511 590 est
540 557 553 590 :
612 541 1009 606 proptereaque
1050 555 1200 590 nunc
1252 537 1449 590 misera
1487 538 1547 590 in
1585 537 1894 591 maerorest.
2009 535 2111 588 ΡΑ.

391 640 589 708 Mysis,
1539 695 1548 706 .
2081 636 2118 667 ¹⁰

146 743 261 796 Per
289 745 467 797 omnis
492 744 599 797 tibi
624 744 818 797 adiuro
845 743 995 812 deos,
1025 761 1333 814 numquam
1360 762 1480 797 eam
1506 762 1594 797 me
1621 745 1980 808 deserturum,

146 847 305 914 Non,
337 847 385 900 si
410 848 710 916 capiundos
736 847 874 901 mihi
898 848 1065 900 sciam
1096 865 1212 901 esse
1237 848 1486 900 inimicos
1512 847 1690 900 omnis
1716 847 1977 900 homines.

146 951 317 1004 Hanc
343 951 422 1003 mi
447 949 709 1019 expetiui,
741 950 973 1018 contigit
1002 970 1013 1004 :
1056 951 1396 1004 conueniunt
1423 968 1600 1003 mores
1629 969 1641 1005 :
1683 951 1904 1004 ualeant

148 1055 263 1118 Qui
287 1055 436 1108 inter
452 1073 555 1108 nos
571 1055 861 1108 discidium
878 1055 1077 1108 uolunt
1106 1074 1119 1108 :
1159 1056 1302 1108 hanc
1319 1055 1427 1108 nisi
1451 1072 1597 1107 mors
1615 1055 1693 1107 mi
1709 1055 1914 1108 adimet
1934 1071 2110 1107 nemo,

234 1159 354 1213 MY.
403 1159 697 1227 Resipisoe.
785 1159 887 1212 ΡΑ.
934 1159 995 1210 N
995 1177 1066 1212 on
1092 1159 1364 1228 Apollinis
1406 1159 1577 1227 magis
1604 1177 1798 1212 uerum
1823 1163 1990 1227 atque
2014 1159 2119 1212 hoc

391 1267 777 1332 responsumst.
1629 1307 1636 1316 .
2081 1260 2120 1290 ¹⁵

147 1367 211 1420 Si
238 1368 443 1436 poterit
469 1367 605 1434 fieri,
636 1371 704 1420 ut
729 1385 800 1420 ne
826 1370 983 1436 pater
1007 1384 1105 1436 per
1124 1385 1214 1420 me
1241 1367 1456 1420 stetisse
1482 1368 1682 1434 credat,

147 1471 277 1535 Quo
303 1471 486 1525 minus
512 1471 627 1524 haec
652 1471 847 1524 fierent
871 1471 1101 1539 nuptiae,
1132 1472 1276 1526 uolo,
1365 1471 1473 1524 Sed
1500 1472 1547 1524 si
1572 1471 1629 1524 id
1656 1488 1768 1524 non
1794 1472 2015 1539 poterit,

148 1575 223 1626 Id
249 1575 467 1640 faciam,
496 1574 557 1626 in
582 1575 813 1643 procliui
840 1574 988 1643 quod
1016 1579 1117 1641 est,
1148 1592 1246 1643 per
1269 1592 1358 1627 me
1384 1575 1596 1627 stetisse
1623 1578 1689 1627 ut
1716 1575 1914 1628 credat.

149 1678 291 1742 Quis
338 1677 570 1730 uideor?
650 1677 750 1730 ΟΕ.
800 1677 989 1744 Miser,
1030 1695 1187 1746 aeque
1235 1682 1401 1746 atque
1448 1695 1562 1747 ego,
1649 1679 1756 1732 DA.
1822 1678 2120 1732 Consilium

396 1798 597 1849 quaerO.
688 1780 790 1834 CH.
839 1779 1059 1847 Forti’s‚

232 1886 337 1939 ΡΑ.
388 1885 530 1951 Scio,
563 1884 696 1953 quid
726 1902 931 1938 conere.
1018 1885 1127 1937 DA.
1177 1885 1301 1938 Hoc
1329 1902 1428 1953 ego
1453 1885 1560 1938 tibi
1584 1887 1828 1954 profecto
1868 1889 2120 1940 effectum

394 1989 634 2042 reddam.
1221 1986 1228 1994 '
2079 1987 2121 2020 ²⁰

232 2094 339 2146 ΡΑ.
388 2093 511 2145 Iam
550 2092 656 2145 hoc
704 2109 842 2160 opus
878 2097 984 2147 cst.
1065 2093 1171 2146 DA.
1222 2092 1367 2156 Quin
1396 2093 1506 2146 iam
1547 2093 1733 2148 habeo,
1824 2095 1925 2148 Cn.
1974 2094 2121 2159 Quid

378 2200 478 2262 est
502 2197 523 2250 'l
601 2197 708 2250 DA.
759 2197 925 2265 Huic,
955 2215 1070 2252 non
1095 2199 1200 2251 tibi
1223 2198 1416 2266 habeo,
1447 2217 1518 2252 ne
1546 2217 1700 2253 erres.

232 2303 340 2356 CH.
388 2301 486 2355 sat
530 2303 720 2356 habeo.
808 2303 909 2357 PA.
960 2271 1129 2365 Quid*
1151 2304 1357 2357 facies?
1453 2304 1612 2358 cedo.
1701 2306 1807 2359 DA.
1856 2307 1987 2360 Dies
2031 2305 2122 2360 hic

396 2406 475 2458 mi
499 2409 565 2459 ut
592 2407 724 2459 satis
751 2406 823 2459 sit
849 2424 1041 2460 uereor

150 2512 247 2566 Ad
274 2512 557 2580 agendum
581 2530 593 2564 :
635 2529 705 2563 ne
730 2529 964 2566 uacuom
989 2529 1105 2565 esse
1131 2529 1218 2564 me
1244 2529 1392 2565 nunc
1417 2513 1483 2565 ad
1515 2515 1845 2578 nan-andum
1875 2515 2058 2567 credas
2084 2534 2094 2582 ς

148 2614 401 2669 Proinde
426 2615 557 2668 hinc
583 2631 685 2667 uos
712 2616 1014 2668 amolimini
1039 2635 1050 2669 ε
1091 2633 1219 2669 nam
1246 2617 1325 2668 mi
1351 2616 1725 2684 inpedimento
1753 2618 1896 2670 estis.

235 2719 343 2772 Pi.
392 2714 511 2786 Ego
550 2718 694 2771 hanc
732 2718 924 2771 uisam.
1011 2719 1117 2771 DA.
1168 2718 1315 2782 Quid
1343 2720 1453 2773 tu?
1532 2719 1655 2784 Quo
1696 2721 1826 2775 hinc
1867 2726 1930 2778 te.
1972 2721 2125 2788 agis?

400 2822 501 2875 CH.
550 2821 761 2876 Verum
786 2821 873 2874 uis
900 2821 1075 2874 dicam
1098 2821 1118 2874 Ἰ
1197 2821 1304 2875 DA.
1354 2822 1532 2876 Immo
1561 2825 1728 2877 etiam
2083 2821 2125 2852 ²⁶

153 2925 511 2980 Narrationis
536 2925 731 2995 incipit
755 2925 834 2979 mi
859 2925 1095 2978 initium.
1186 2925 1286 2979 GH.
1337 2925 1482 2990 Quid
1508 2945 1597 2981 me
1622 2928 1718 2981 fiet
1742 2928 1762 2982 7

235 3028 347 3083 ΒΑ.
396 3029 518 3082 E'ho
552 3034 620 3083 tu
659 3029 949 3098 inpudens,
986 3047 1099 3083 non
1137 3030 1270 3084 satis
1310 3031 1496 3100 habeS‚
1527 3035 1675 3104 quod
1715 3034 1818 3086 tibi
1858 3034 2123 3086 dieculam

402 3133 565 3201 addo,
1981 3129 1991 3148 '

154 3238 448 3302 Quantum
471 3238 602 3290 huic
627 3254 921 3306 promoueo
940 3238 1162 3307 nuptias
1184 3239 1204 3292 ‘I
1283 3238 1382 3293 ΟΠ.
1433 3240 1605 3308 Daue,
1637 3246 1696 3294 at
1722 3245 1919 3294 tamen.
2009 3242 2118 3296 DA.

172 3371 239 3417 ἤ
404 3341 550 3406 Quid
578 3359 703 3410 ergo
727 3341 747 3394 Ἰ
1951 3372 1956 3379 -

210 3427 347 3501 ³011.
393 3448 476 3502 Vt
524 3449 734 3503 ducam.
839 3450 946 3504 DA.
996 3451 1330 3507 Ridiculum.
1420 3451 1520 3507 Cn.
1586 3451 1715 3505 Huc
1762 3451 1878 3506 face
1924 3451 1993 3504 ad
2037 3467 2126 3503 me

402 3555 467 3604 ut
493 3553 701 3620 uenias,
733 3553 917 3623 siquid
942 3555 1159 3624 poteris.
