2342 3992
235 150 354 207 102

1038 161 1374 204 PRomGVS.

385 313 624 367 Valebit.
660 312 1015 381 quamobrem
1042 314 1220 367 omnis
1243 332 1348 367 uos
1371 318 1554 367 oratos
1578 314 1726 380 uolo,

384 418 475 472 Ne
500 418 625 487 plus
650 417 899 486 iniquom
923 417 1097 485 possit
1124 436 1292 487 quam
1317 435 1534 487 aequom
1560 419 1752 472 oratio,

388 521 577 576 Facite
604 521 752 590 aequi
776 520 935 575 sitis:
974 521 1113 574 date
1132 523 1408 576 crescendi
1433 523 1664 590 copiam,
1903 527 1920 562 a
2019 494 2039 509 ‘
2060 559 2096 570 .-
2147 555 2195 636 2³

382 628 673 682 Nouatum
700 627 798 710 gui
824 626 1107 708 spectandi
1131 628 1346 708 faciunt
1371 629 1585 708 copiam
1625 621 1724 690 Q
2074 593 2094 624 ἢ

378 733 508 786 Sine
532 732 686 786 uitiis
714 750 728 785 ι
766 749 838 784 ne
863 731 957 784 ille
982 749 1083 800 pro
1109 749 1168 786 se
1195 732 1407 786 dictum
1433 733 1747 799 existumet,

380 836 491 901 Qui
514 853 691 905 nuper
714 835 847 888 fecit
872 853 1031 888 seruo
1057 837 1300 890 currenti
1323 838 1385 890 in
1411 837 1504 891 uia

376 941 609 994 Decesse
634 939 901 1008 populum
928 959 940 994 :
982 957 1123 1008 quor
1144 940 1341 994 insano
1367 941 1611 994 seruiat?

378 1046 465 1099 De
489 1045 637 1098 illius
660 1045 895 1112 peccatis
919 1045 1079 1113 plura
1104 1045 1269 1112 dicct,
1301 1063 1470 1115 quom
1493 1046 1650 1099 dabit

306 1143 311 1148 ’
378 1149 534 1203 Alias
558 1165 750 1215 nouas,
778 1148 888 1201 nisi
910 1148 1078 1201 finem
1102 1149 1409 1202 maledictis
1433 1149 1582 1202 facit.

380 1252 587 1305 Adeste
614 1267 775 1318 aequo
802 1251 984 1304 animo
1010 1269 1023 1305 ε
1062 1252 1194 1305 date
1219 1256 1550 1320 potestatem
1573 1253 1712 1305 mihi
2164 1249 2204 1281 ³⁵

380 1355 677 1408 Statariam
703 1371 860 1422 agere
886 1358 951 1407 ut
976 1355 1139 1408 liceat
1162 1373 1262 1424 per
1286 1357 1567 1409 silentium
1593 1376 1609 1421 ;

376 1459 467 1512 Ne
492 1475 703 1527 semper
727 1475 913 1510 seruos
938 1476 1180 1527 currenS,
1209 1460 1384 1513 iratus
1411 1478 1596 1528 senex,

377 1563 539 1616 Edax
562 1561 850 1631 parasitus,
882 1563 1222 1630 sycophanta
1247 1564 1750 1632 autem·inpudens,

382 1668 603 1720 Auarus
628 1666 774 1735 leno‘,
805 1665 1035 1718 adsidue
1060 1667 1260 1734 agendi
1285 1667 1398 1720 sint
1423 1667 1560 1719 mihi

380 1773 628 1826 Clamore
654 1788 888 1838 summ0‚
919 1787 1047 1823 cum
1071 1771 1257 1824 labore
1281 1789 1554 1825 maxumo,

378 1877 509 1930 Mea
535 1894 697 1930 causa
722 1891 942 1930 causam
966 1875 1110 1928 hanc
1133 1875 1340 1928 iustam
1366 1892 1480 1928 esse
1506 1855 1750 1928 an‘imum
1777 1875 2050 1943 inducite,

378 1981 464 2034 Vt
488 1982 672 2051 aliqua
697 1998 823 2050 pam
848 1979 1048 2033 laboris
1074 1979 1359 2031 minuatur
1381 1979 1532 2032 mihi.

380 2086 531 2139 Nam
556 2103 704 2139 nunc
730 2101 907 2138 nouas
933 2083 1032 2152 qui
1060 2082 1325 2149 scribunt,
1356 2082 1437 2135 nil
1461 2085 1693 2150 parcunt
1719 2081 1838 2158 seni
1861 2101 1874 2136 ε

380 2189 565 2257 Siquae
590 2188 928 2255 laboriosast,
960 2187 1033 2240 ad
1060 2204 1150 2240 me
1177 2186 1458 2240 curritur:

383 2293 443 2347 Si
466 2293 606 2346 lenis
632 2297 736 2360 est,
760 2293 831 2345 ad
856 2291 1025 2345 alium
1050 2291 1299 2344 defertur
1321 2307 1552 2360 gregem.

382 2399 452 2450 In
477 2398 579 2454 hac
606 2405 689 2449 est
715 2413 852 2465 pura
877 2395 1066 2449 oratio.
1154 2395 1496 2463 experimini,

378 2503 449 2554 In
475 2505 762 2568 utramque
786 2504 1001 2569 partem
1026 2500 1310 2568 ingenium
1335 2499 1472 2567 quid
1498 2499 1670 2567 possit
1696 2513 1895 2552 meum.

379 2607 438 2660 Si
462 2620 767 2671 numquam
792 2620 956 2656 auare
982 2603 1225 2671 pretium
1249 2601 1423 2655 statui
1447 2601 1557 2654 arti
1581 2619 1718 2655 meae

382 2710 457 2762 Et,
482 2726 610 2762 eum
636 2725 751 2760 esse
779 2712 1053 2776 quaestum
1078 2707 1138 2760 in
1164 2706 1410 2758 animum
1435 2706 1634 2758 induxi
1657 2722 2002 2773 maxumum,

384 2813 563 2878 Quam
588 2828 847 2864 maxume
875 2810 1077 2862 seruire
1104 2808 1305 2862 uostris
1332 2809 1628 2862 commodis
1654 2829 1667 2863 :
2147 2827 2189 2858 so

381 2915 710 2983 Exemplum
739 2912 967 2966 statuite
991 2913 1052 2964 in
1077 2930 1184 2980 me,
1207 2917 1275 2965 ut
1301 2911 1695 2966 adulescentuli

378 3018 554 3074 Vobis
579 3018 789 3087 placere
816 3016 1075 3070 studeant
1100 3015 1286 3085 potius
1309 3032 1480 3086 quam
1505 3015 1623 3070 sibi.

1753 702 1758 712 ·
1821 624 2330 777 fflffl‘fi*

2301 1629 2330 1797 ιλ.
