2342 3992
4 385 6 444 ἑ
107 410 242 473 Quae
268 414 450 463 essent
474 410 650 479 prima.
672 409 871 463 habere
898 427 1075 478 neque
1101 410 1379 462 consulere
1406 409 1466 461 in
1491 405 1911 476 longitudinem,

3 3483 12 3560 5

690 126 1443 200 HEAv'roNrmonvmsNOS.
1940 136 2058 197 145

115 305 223 358 Vbi
247 309 306 358 te
331 305 451 359 uidi
475 305 658 360 animo
684 323 798 359 esse
827 307 1025 360 omisso
1050 308 1109 359 et
1136 302 1327 359 suauis.
1351 304 1413 358 in
1438 303 1728 375 praesentia

2024 405 2061 436 1⁰

4 575 6 582 ¹
106 515 237 583 Cepi
257 514 543 581 rationem,
572 517 638 567 ut
663 531 842 582 neque
868 531 1066 582 egeres,
1096 531 1277 583 neque
1302 517 1367 566 ut
1392 512 1510 566 haec
1533 529 1715 581 posses
1740 511 1977 580 perdere.

4 627 6 646 ¹
105 619 220 672 Vbi
245 618 376 688 quoi
403 619 585 672 decuit
611 618 806 687 prim0‚
835 617 943 670 tibi
967 634 1080 670 non
1105 617 1265 670 licuit
1289 635 1387 685 per
1411 620 1469 669 te
1495 616 1632 669 mihi
1657 615 1805 683 dare,

104 723 236 776 Abii
260 721 330 776 ad
356 738 667 791 proxumos,
699 720 796 790 qui
822 724 980 774 erant
1005 721 1111 773 tibi
1139 740 1151 775 :
1194 721 1272 774 eis
1298 719 1543 774 commisi
1568 723 1625 772 et
1652 719 1871 774 credidi.

105 825 197 878 Ibi
219 829 333 878 tuae
359 826 610 879 stultitiae
637 843 848 894 semper
873 825 977 879 erit
1002 809 1335 895 praesidium,
1368 823 1627 893 Clitipho,

106 929 320 997 Victus,
351 929 604 996 uestituS,
635 946 746 997 quo
771 928 831 980 in
857 931 1066 983 tectum
1091 931 1149 980 te
1175 931 1429 997 receptes.
1520 927 1609 980 01..
1658 928 1729 981 Ei
1753 928 1902 983 mihi.
2023 925 2062 962 ¹⁴⁵

183 1032 285 1086 CH.
335 1030 516 1086 Satius
541 1037 624 1086 est
652 1050 820 1101 quam
838 1036 896 1085 te
921 1033 1039 1101 ipso
1065 1031 1265 1085 herede
1285 1030 1403 1084 haec
1422 1031 1695 1100 possidere
1716 1031 2056 1087 Bacchidem.

184 1136 274 1189 ΒΥ.
321 1120 558 1204 Disperii
580 1155 593 1190 ε
634 1136 892 1188 scelestus
919 1138 1153 1203 quantas
1180 1135 1369 1187 turbas
1393 1134 1607 1187 concini
1631 1134 1863 1188 insciens
1890 1137 1903 1188 Ξ

183 1238 274 1292 01..
322 1238 513 1292 Emori
537 1239 710 1307 cupi0.
801 1238 901 1291 On.
950 1238 1112 1290 Prius
1139 1254 1326 1307 quaeso
1353 1237 1517 1304 disce,
1550 1237 1686 1307 quid
1713 1238 1785 1292 sit
1812 1238 2014 1292 uiuere.

102 1341 217 1395 Vbi
243 1342 394 1410 scieS,
425 1343 472 1394 si
497 1341 806 1411 displicebit
833 1341 970 1411 uita,
1003 1345 1126 1394 tum
1152 1341 1290 1394 istoc
1315 1340 1503 1394 utitor.

183 1445 272 1500 ΒΥ.
330 1447 455 1514 Ere,
510 1447 708 1499 licetne
730 1445 751 1500 ‘l
860 1445 960 1499 ΟΕ.
1029 1445 1291 1514 Loquere.
1408 1444 1499 1500 ΒΥ.
1572 1445 1648 1499 At
1700 1449 1842 1500 tuto.
1954 1446 2059 1500 CH.

339 1551 598 1620 Loquere.
686 1550 778 1607 ΒΥ.
826 1550 960 1615 Quae
987 1551 1146 1603 istast
1170 1550 1431 1618 prauitaS,
2022 1547 2063 1579 ²⁰

103 1654 310 1718 Quaeue
361 1655 672 1723 amentiast,
723 1655 874 1724 quod
919 1655 1140 1724 peccaui
1188 1673 1307 1724 eg0,
1357 1656 1416 1709 id
1462 1656 1648 1710 obesse
1701 1656 1870 1710 huic?
1950 1655 2052 1710 Cn.

339 1758 513 1812 Ilicet.

99 1863 192 1916 Ne
217 1867 274 1916 te
302 1863 536 1916 admisce
565 1883 576 1918 :
616 1881 778 1916 nemo
804 1867 1040 1930 accusat,
1073 1862 1229 1930 Syre,
1260 1866 1319 1916 te
1345 1882 1357 1918 ε
1398 1880 1500 1916 nec
1526 1867 1592 1916 tu
1618 1881 1767 1916 aram
1794 1864 1899 1916 tibi

100 1969 222 2022 Nec
245 1972 582 2037 precatorem
605 1969 823 2037 pararis.
911 1969 1001 2022 ΒΥ.
1051 1968 1198 2033 Quid
1225 1969 1380 2038 agis?
1463 1969 1563 2023 On.
1612 1969 1713 2021 Nil
1739 1986 2025 2023 succenseo

99 2072 222 2124 Nec
246 2071 354 2124 tibi
378 2089 477 2124 nec
503 2072 609 2124 tibi
632 2091 644 2126 :
684 2090 786 2125 nec
810 2089 911 2125 uos
935 2076 1018 2125 est
1045 2089 1262 2140 aequom
1288 2072 1436 2140 quod
1464 2071 1605 2125 facio
1631 2072 1781 2126 mihi.
2024 2123 2035 2132 ,

178 2175 272 2230 ΒΥ.
321 2175 476 2228 Abiit
499 2175 520 2228 Ἰ
577 2175 710 2243 nah,
753 2193 968 2244 rogasse
1009 2175 1223 2230 uellem.
1332 2175 1425 2229 CL:
1472 2174 1618 2240 Quid
1640 2175 1660 2228 2
1758 2175 1848 2230 ΒΥ.
1898 2175 2064 2230 Vnde

337 2283 580 2347 peterem
604 2279 742 2332 mihi
767 2278 950 2332 cibum
974 2298 987 2335 :
2022 2279 2062 2310 ²⁵

95 2384 190 2438 Ita.
216 2401 319 2436 nos
345 2383 620 2437 alienauit.
656 2383 761 2436 tibi
785 2383 895 2458 iam
921 2401 1036 2436 esse
1063 2383 1135 2436 ad
1162 2400 1399 2436 sororem
1426 2383 1699 2453 intellegO.

177 2488 272 2542 CI..
321 2487 519 2540 Adeon
556 2504 672 2540 rem
710 2487 950 2555 rediisse,
989 2491 1055 2540 ut
1096 2487 1361 2555 periclum
1401 2487 1568 2540 etiam
1607 2488 1751 2542 fame
1793 2488 1930 2541 mihi
1970 2489 2055 2557 sit,

341 2590 475 2659 Syre
502 2593 514 2644 Ξ

175 2696 272 2748 ΒΥ.
321 2695 496 2748 Modo
547 2695 710 2748 liceat
763 2695 970 2762 uiuere,
1018 2697 1102 2748 est
1155 2711 1278 2763 spes
1294 2726 1375 2736 —
1389 2694 1481 2750 01..
1530 2694 1666 2760 Quae
1687 2695 1707 2750 ‘1
1801 2695 1893 2749 ΒΥ.
1943 2695 2063 2749 Nos

337 2799 634 2852 esurituros
661 2798 806 2852 satis,

178 2904 274 2958 GL.
323 2904 538 2957 Inrides
563 2904 623 2956 in
648 2921 706 2956 re
732 2906 890 2955 tanta.
915 2882 1093 2970 neque
1118 2920 1208 2955 me
1230 2902 1524 2971 quicquam
1548 2905 1772 2957 consilio
1799 2904 2066 2967 adiuuas?

179 3007 276 3061 ΒΥ.
323 3007 504 3060 Immo
551 3011 609 3060 et
653 3007 732 3060 ibi
776 3025 924 3060 nunc
965 3025 1086 3060 sum
1129 3010 1188 3059 et
1230 3024 1403 3075 usque
1444 3006 1504 3060 id
1544 3008 1631 3076 egi
1670 3008 1899 3077 dudum,
1930 3008 2065 3063 dum

337 3109 585 3180 loquitur
608 3114 766 3179 pater
788 3129 801 3165 :
2022 3110 2065 3142 ³⁰

87 3217 172 3270 Et
201 3218 476 3284 quantum
522 3232 621 3282 ego
666 3214 980 3283 intellegere
1032 3231 1267 3284 possum.
1327 3245 1338 3258 ·
1370 3213 1462 3270 01..
1512 3212 1697 3278 Quid?
1792 3214 1883 3271 ΒΥ.
1906 3198 2063 3269 „Non

341 3318 517 3371 aberit
540 3309 770 3386 longius.

176 3423 283 3478 011.
325 3420 472 3486 Quid
498 3422 556 3475 id
582 3421 749 3490 ergo?
815 3420 906 3475 ΒΥ.
942 3420 1031 3475 Sic
1057 3424 1142 3476 est
1169 3438 1184 3476 ε
1224 3438 1339 3474 non
1364 3437 1480 3476 esse
1505 3420 1701 3476 horum
1726 3423 1785 3476 te
1810 3421 2055 3477 arbitror.

342 3525 432 3579 01.
483 3524 590 3589 Qui
615 3525 776 3592 istuc,
807 3523 941 3592 Syre
965 3525 986 3579 ‘1

1837 3640 1873 3676 n
